% This file was created with JabRef 2.10b2.
% Encoding: UTF-8


@Other{van2008,
  Title                    = {A {{Geometric Interpretation}} of the C-Map},
  Author                   = {van der Aalst, Ted},
  Date                     = {2008},
  Institution              = {{Universiteit Utrecht}},
  Options                  = {useprefix=true},
  Url                      = {https://dspace.library.uu.nl/handle/1874/203181}
}

@Article{ACDM2015,
  Title                    = {Quaternionic {{Kähler}} Metrics Associated with Special {{Kähler}} Manifolds},
  Author                   = {Alekseevski$\backslash$u$\backslash$i, D. V. and Cortés, V. and Dyckmanns, M. and Mohaupt, T.},
  Pages                    = {271--287},
  Volume                   = {92},

  Date                     = {2015},
  Doi                      = {10.1016/j.geomphys.2014.12.012},
  ISSN                     = {0393-0440},
  Journaltitle             = {Journal of Geometry and Physics},
  Keywords                 = {physical mathematics,supersymmetry,quaternionic Kähler geometry,HK/QK correspondence},
  Shortjournal             = {J. Geom. Phys.},
  Url                      = {http://www.ams.org/mathscinet-getitem?mr=3328073}
}

@Article{AC2009,
  Title                    = {Geometric Construction of the \$r\$-Map: From Affine Special Real to Special {{Kähler}} Manifolds},
  Author                   = {Alekseevsky, D. V. and Cortés, V.},
  Number                   = {2},
  Pages                    = {579--590},
  Volume                   = {291},

  Date                     = {2009},
  Doi                      = {10.1007/s00220-009-0803-7},
  ISSN                     = {0010-3616},
  Journaltitle             = {Communications in Mathematical Physics},
  Keywords                 = {special Kähler geometry,r-map,special real geometry},
  Shortjournal             = {Comm. Math. Phys.},
  Shorttitle               = {Geometric Construction of the \$r\$-Map},
  Url                      = {https://mathscinet.ams.org/mathscinet-getitem?mr=2530173},
  Urldate                  = {2018-05-16}
}

@Article{ACM2013,
  Title                    = {Conification of {{Kähler}} and Hyper-{{Kähler}} Manifolds},
  Author                   = {Alekseevsky, D. V. and Cortés, V. and Mohaupt, T.},
  Number                   = {2},
  Pages                    = {637--655},
  Volume                   = {324},

  Date                     = {2013},
  Doi                      = {10.1007/s00220-013-1812-0},
  ISSN                     = {0010-3616},
  Journaltitle             = {Communications in Mathematical Physics},
  Keywords                 = {c-map,hyper-Kähler geometry,quaternionic Kähler geometry,HK/QK correspondence},
  Shortjournal             = {Comm. Math. Phys.},
  Url                      = {https://mathscinet.ams.org/mathscinet-getitem?mr=3117523},
  Urldate                  = {2018-05-16}
}

@Article{APP2011,
  Title                    = {Wall-Crossing, {{Rogers}} Dilogarithm, and the {{QK}}/{{HK}} Correspondence},
  Author                   = {Alexandrov, Sergei and Persson, Daniel and Pioline, Boris},
  Number                   = {12},
  Pages                    = {027, i, 64},

  Date                     = {2011},
  ISSN                     = {1126-6708},
  Journaltitle             = {Journal of High Energy Physics},
  Keywords                 = {physical mathematics,deformation of privileged metric,hyper-Kähler geometry,quaternionic Kähler geometry,HK/QK correspondence},
  Shortjournal             = {J. High Energy Phys.},
  Url                      = {https://mathscinet.ams.org/mathscinet-getitem?mr=2935636},
  Urldate                  = {2018-04-16}
}

@Article{APSV2009,
  Title                    = {D-Instantons and Twistors},
  Author                   = {Alexandrov, Sergei and Pioline, Boris and Saueressig, Frank and Vandoren, Stefan},
  Number                   = {03},
  Pages                    = {044},
  Volume                   = {2009},

  Date                     = {2009},
  Doi                      = {10.1088/1126-6708/2009/03/044},
  ISSN                     = {1126-6708},
  Journaltitle             = {Journal of High Energy Physics},
  Keywords                 = {moduli spaces,physical mathematics,supersymmetry,deformation of privileged metric,twistor spaces,complex contact structure,quaternionic Kähler geometry},
  Langid                   = {english},
  Shortjournal             = {J. High Energy Phys.},
  Url                      = {http://stacks.iop.org/1126-6708/2009/i=03/a=044},
  Urldate                  = {2017-12-06}
}

@Article{APSV2009a,
  Title                    = {Linear {{Perturbations}} of {{Hyperkähler Metrics}}},
  Author                   = {Alexandrov, Sergei and Pioline, Boris and Saueressig, Frank and Vandoren, Stefan},
  Number                   = {3},
  Pages                    = {225-265},
  Volume                   = {87},

  Date                     = {2009-03-01},
  Doi                      = {10.1007/s11005-009-0305-8},
  ISSN                     = {0377-9017, 1573-0530},
  Journaltitle             = {Letters in Mathematical Physics},
  Keywords                 = {moduli spaces,physical mathematics,deformation of privileged metric,twistor spaces,hyper-Kähler geometry},
  Langid                   = {english},
  Shortjournal             = {Lett Math Phys},
  Url                      = {https://link.springer.com/article/10.1007/s11005-009-0305-8},
  Urldate                  = {2017-12-06}
}

@Article{APSV2010,
  Title                    = {Linear {{Perturbations}} of {{Quaternionic Metrics}}},
  Author                   = {Alexandrov, Sergei and Pioline, Boris and Saueressig, Frank and Vandoren, Stefan},
  Number                   = {2},
  Pages                    = {353-403},
  Volume                   = {296},

  Date                     = {2010-06-01},
  Doi                      = {10.1007/s00220-010-1022-y},
  ISSN                     = {0010-3616, 1432-0916},
  Journaltitle             = {Communications in Mathematical Physics},
  Keywords                 = {moduli spaces,physical mathematics,supersymmetry,c-map,deformation of privileged metric,twistor spaces,quaternionic Kähler geometry},
  Langid                   = {english},
  Shortjournal             = {Commun. Math. Phys.},
  Url                      = {https://link.springer.com/article/10.1007/s00220-010-1022-y},
  Urldate                  = {2017-12-06}
}

@Article{Ali2012,
  Title                    = {Lectures on {{Mirror Symmetry}} and {{Topological String Theory}}},
  Author                   = {Alim, Murad},

  Abstract                 = {These are notes of a series of lectures on mirror symmetry and topological string theory given at the Mathematical Sciences Center at Tsinghua University. The N=2 superconformal algebra, its deformations and its chiral ring are reviewed. A topological field theory can be constructed whose observables are only the elements of the chiral ring. When coupled to gravity, this leads to topological string theory. The identification of the topological string A- and B-models by mirror symmetry leads to surprising connections in mathematics and provides tools for exact computations as well as new insights in physics. A recursive construction of the higher genus amplitudes of topological string theory expressed as polynomials is reviewed.},
  Archiveprefix            = {arXiv},
  Date                     = {2012-07-02},
  Eprint                   = {1207.0496},
  Eprinttype               = {arxiv},
  Keywords                 = {physical mathematics,mirror symmetry,topological string theory},
  Primaryclass             = {hep-th},
  Url                      = {http://arxiv.org/abs/1207.0496},
  Urldate                  = {2017-05-10}
}

@Other{Ama2009,
  Title                    = {Positive {{Quaternion Kähler Manifolds}}},
  Author                   = {Amann, Manuel},
  Date                     = {2009},
  Institution              = {{Westfälischen Wilhelmus-Universität Münster}},
  Keywords                 = {Wolf spaces,quaternionic Kähler geometry},
  Url                      = {http://d-nb.info/996176438/34},
  Urldate                  = {2017-08-04}
}

@Article{ADMS2016,
  Title                    = {Heisenberg Symmetry and Hypermultiplet Manifolds},
  Author                   = {Antoniadis, Ignatios and Derendinger, Jean-Pierre and Marios Petropoulos, P. and Siampos, Konstantinos},
  Pages                    = {293-312},
  Volume                   = {905},

  Date                     = {2016-04-01},
  Doi                      = {10.1016/j.nuclphysb.2016.02.021},
  ISSN                     = {0550-3213},
  Issue                    = {Supplement C},
  Journaltitle             = {Nuclear Physics B},
  Keywords                 = {moduli spaces,physical mathematics,hyper-Kähler geometry,quaternionic Kähler geometry},
  Shortjournal             = {Nuclear Physics B},
  Url                      = {http://www.sciencedirect.com/science/article/pii/S0550321316000651},
  Urldate                  = {2017-12-06}
}

@Article{BW1983,
  Title                    = {Matter {{Couplings}} in {{N}}=2 {{Supergravity}}},
  Author                   = {Bagger, Jonathan and Witten, Edward},
  Pages                    = {1-10},
  Volume                   = {B222},

  Abstract                 = {We determine the general coupling of an arbitrary number of massless pin (0, 1 2 ) multiplets to N = 2 supergravity. We find that the matter coupling has a natural description in the language of the supersymmetric non-linear sigma model, where the sigma model is based on a quaternionic manifold. This implies that the matter self-couplings that are allowed in global N = 2 supersymmetry are forbidden in supergravity, and vice versa.},
  Date                     = {1983},
  Doi                      = {10.1016/0550-3213(83)90605-3},
  Journaltitle             = {Nucl.Phys.},
  Keywords                 = {supersymmetry,quaternionic Kähler geometry}
}

@Article{BKN+2010,
  Title                    = {Instanton Corrections to the Universal Hypermultiplet and Automorphic Forms on \{\$\vphantom\}{{SU}}(2,1)\$\vphantom\{\}},
  Author                   = {Bao, Ling and Kleinschmidt, Axel and Nilsson, Bengt E. W. and Persson, Daniel and Pioline, Boris},
  Number                   = {1},
  Pages                    = {187-266},
  Volume                   = {4},

  Date                     = {2010-03},
  Doi                      = {10.4310/CNTP.2010.v4.n1.a5},
  ISSN                     = {1931-4531},
  Journaltitle             = {Communications in Number Theory and Physics},
  Keywords                 = {moduli spaces,physical mathematics,deformation of privileged metric,modular forms,quaternionic Kähler geometry},
  Langid                   = {english},
  Shortjournal             = {Commun. Number Theory Phys.},
  Url                      = {http://www.intlpress.com/site/pub/pages/journals/items/cntp/content/vols/0004/0001/a005/abstract.html},
  Urldate                  = {2017-12-06}
}

@InCollection{Boo1961,
  Title                    = {Homogeneous Complex Contact Manifolds},
  Author                   = {Boothby, William M.},
  Booktitle                = {Proc. {{Sympos}}. {{Pure Math}}., {{Vol}}. {{III}}},
  Publisher                = {{American Mathematical Society, Providence, R. I.}},
  Pages                    = {144--154},

  Date                     = {1961},
  Keywords                 = {representation theory,complex contact structure,homogeneous spaces},
  Url                      = {http://www.ams.org/mathscinet-getitem?mr=0124863},
  Urldate                  = {2017-04-03}
}

@Article{Boo1962,
  Title                    = {A Note on Homogeneous Complex Contact Manifolds},
  Author                   = {Boothby, William M.},
  Pages                    = {276--280},
  Volume                   = {13},

  Date                     = {1962},
  Doi                      = {10.2307/2034482},
  ISSN                     = {0002-9939},
  Journaltitle             = {Proceedings of the American Mathematical Society},
  Keywords                 = {representation theory,complex contact structure,homogeneous spaces},
  Shortjournal             = {Proc. Amer. Math. Soc.},
  Url                      = {http://www.ams.org/mathscinet-getitem?mr=0137126},
  Urldate                  = {2017-04-03}
}

@Article{CD2017,
  Title                    = {Twist, Elementary Deformation, and {{KK}} Correspondence in Generalized Complex Geometry},
  Author                   = {Cortés, Vicente and David, Liana},

  Archiveprefix            = {arXiv},
  Date                     = {2017-06-17},
  Eprint                   = {1706.05516},
  Eprinttype               = {arxiv},
  Keywords                 = {generalized geometry,quaternionic Kähler geometry,twist construction},
  Primaryclass             = {hep-th},
  Url                      = {http://arxiv.org/abs/1706.05516},
  Urldate                  = {2018-05-25}
}

@Article{CDMV2015,
  Title                    = {Special Geometry of {{Euclidean}} Supersymmetry {{IV}}: The Local \$c\$-Map},
  Author                   = {Cortés, V. and Dempster, P. and Mohaupt, T. and Vaughan, O.},
  Number                   = {10},
  Pages                    = {066, front matter+60},

  Date                     = {2015},
  ISSN                     = {1126-6708},
  Journaltitle             = {Journal of High Energy Physics},
  Keywords                 = {c-map,quaternionic Kähler geometry,special Kähler geometry},
  Shortjournal             = {J. High Energy Phys.},
  Shorttitle               = {Special Geometry of {{Euclidean}} Supersymmetry {{IV}}},
  Url                      = {https://mathscinet.ams.org/mathscinet-getitem?mr=3435573},
  Urldate                  = {2018-05-16}
}

@Article{CDL2014,
  Title                    = {Classification of Complete Projective Special Real Surfaces},
  Author                   = {Cortés, V. and Dyckmanns, M. and Lindemann, D.},
  Number                   = {2},
  Pages                    = {423--445},
  Volume                   = {109},

  Date                     = {2014},
  Doi                      = {10.1112/plms/pdu013},
  ISSN                     = {0024-6115},
  Journaltitle             = {Proceedings of the London Mathematical Society. Third Series},
  Keywords                 = {r-map,special real geometry},
  Shortjournal             = {Proc. Lond. Math. Soc. (3)},
  Url                      = {https://mathscinet.ams.org/mathscinet-getitem?mr=3254930},
  Urldate                  = {2018-05-16}
}

@InCollection{CDS2017,
  Title                    = {Completeness of Projective Special {{Kähler}} and Quaternionic {{Kähler}} Manifolds},
  Author                   = {Cortés, Vicente and Dyckmanns, Malte and Suhr, Stefan},
  Booktitle                = {Special Metrics and Group Actions in Geometry},
  Publisher                = {{Springer, Cham}},
  Pages                    = {81--106},
  Series                   = {Springer INdAM Ser.},
  Volume                   = {23},

  Date                     = {2017},
  Keywords                 = {c-map,quaternionic Kähler geometry,special Kähler geometry,r-map},
  Url                      = {https://mathscinet.ams.org/mathscinet-getitem?mr=3751963},
  Urldate                  = {2018-04-24}
}

@Article{CHM2012,
  Title                    = {Completeness in Supergravity Constructions},
  Author                   = {Cortés, V. and Han, X. and Mohaupt, T.},
  Number                   = {1},
  Pages                    = {191--213},
  Volume                   = {311},

  Date                     = {2012},
  Doi                      = {10.1007/s00220-012-1443-x},
  ISSN                     = {0010-3616},
  Journaltitle             = {Communications in Mathematical Physics},
  Keywords                 = {c-map,Riemannian geometry,quaternionic Kähler geometry,special Kähler geometry,r-map,special real geometry},
  Shortjournal             = {Comm. Math. Phys.},
  Url                      = {https://mathscinet.ams.org/mathscinet-getitem?mr=2892468},
  Urldate                  = {2018-05-16}
}

@Article{CLST2013,
  Title                    = {On Certain {{Kähler}} Quotients of Quaternionic {{Kähler}} Manifolds},
  Author                   = {Cortés, V. and Louis, J. and Smyth, P. and Triendl, H.},
  Number                   = {3},
  Pages                    = {787--816},
  Volume                   = {317},

  Date                     = {2013},
  Doi                      = {10.1007/s00220-012-1541-9},
  ISSN                     = {0010-3616},
  Journaltitle             = {Communications in Mathematical Physics},
  Keywords                 = {moment maps/quotient constructions,quaternionic Kähler geometry},
  Shortjournal             = {Comm. Math. Phys.},
  Url                      = {https://mathscinet.ams.org/mathscinet-getitem?mr=3009724},
  Urldate                  = {2018-05-16}
}

@Article{CMMS2004,
  Title                    = {Special Geometry of {{Euclidean}} Supersymmetry. {{I}}. {{Vector}} Multiplets},
  Author                   = {Cortés, Vicente and Mayer, Christoph and Mohaupt, Thomas and Saueressig, Frank},
  Number                   = {3},
  Pages                    = {028, 73},

  Date                     = {2004},
  Doi                      = {10.1088/1126-6708/2004/03/028},
  ISSN                     = {1126-6708},
  Journaltitle             = {Journal of High Energy Physics. A SISSA Journal},
  Keywords                 = {physical mathematics,supersymmetry,para-Kähler geometry},
  Shortjournal             = {J. High Energy Phys.},
  Url                      = {https://mathscinet.ams.org/mathscinet-getitem?mr=2061551},
  Urldate                  = {2018-05-16}
}

@Article{CMMS2005,
  Title                    = {Special Geometry of {{Euclidean}} Supersymmetry. {{II}}. {{Hypermultiplets}} and the \$c\$-Map},
  Author                   = {Cortés, Vicente and Mayer, Christoph and Mohaupt, Thomas and Saueressig, Frank},
  Number                   = {6},
  Pages                    = {025, 37},

  Date                     = {2005},
  Doi                      = {10.1088/1126-6708/2005/06/025},
  ISSN                     = {1126-6708},
  Journaltitle             = {Journal of High Energy Physics. A SISSA Journal},
  Keywords                 = {physical mathematics,supersymmetry,c-map},
  Shortjournal             = {J. High Energy Phys.},
  Url                      = {https://mathscinet.ams.org/mathscinet-getitem?mr=2158552},
  Urldate                  = {2018-05-16}
}

@Article{CM2009,
  Title                    = {Special Geometry of {{Euclidean}} Supersymmetry. {{III}}. {{The}} Local r-Map, Instantons and Black Holes},
  Author                   = {Cortés, Vicente and Mohaupt, Thomas},
  Number                   = {7},
  Pages                    = {066, 64,},

  Date                     = {2009},
  Doi                      = {10.1088/1126-6708/2009/07/066},
  ISSN                     = {1126-6708},
  Journaltitle             = {Journal of High Energy Physics. A SISSA Journal},
  Keywords                 = {supersymmetry,special Kähler geometry,r-map},
  Shortjournal             = {J. High Energy Phys.},
  Url                      = {https://mathscinet.ams.org/mathscinet-getitem?mr=2545060},
  Urldate                  = {2018-05-16}
}

@Other{Dyc2015,
  Title                    = {The Hyper-{{Kähler}}/Quaternionic {{Kähler}} Correspondence and the Geometry of the c-Map},
  Author                   = {Dyckmanns, M.},
  Date                     = {2015},
  Institution              = {{Universität Hamburg}},
  Keywords                 = {physical mathematics,supersymmetry,hyper-Kähler geometry,quaternionic Kähler geometry},
  Url                      = {http://www.math.uni-hamburg.de/home/dyckmanns/Dissertation%20Malte%20Dyckmanns.pdf}
}

@Article{ES1985,
  Title                    = {Twistorial Construction of Harmonic Maps of Surfaces into Four-Manifolds},
  Author                   = {Eells, J. and Salamon, S.},
  Number                   = {4},
  Pages                    = {589--640 (1986)},
  Volume                   = {12},

  Date                     = {1985},
  ISSN                     = {0391-173X},
  Journaltitle             = {Annali della Scuola Normale Superiore di Pisa. Classe di Scienze. Serie IV},
  Keywords                 = {twistor spaces,almost complex geometry},
  Shortjournal             = {Ann. Scuola Norm. Sup. Pisa Cl. Sci. (4)},
  Url                      = {http://www.ams.org/mathscinet-getitem?mr=848842},
  Urldate                  = {2017-04-03}
}

@Article{Gal1987,
  Title                    = {A Generalization of the Momentum Mapping Construction for Quaternionic {{Kåhler}} Manifolds},
  Author                   = {Galicki, K.},
  Number                   = {1},
  Pages                    = {117-138},
  Volume                   = {108},

  Abstract                 = {Project Euclid - mathematics and statistics online},
  Date                     = {1987},
  ISSN                     = {0010-3616, 1432-0916},
  Journaltitle             = {Communications in Mathematical Physics},
  Keywords                 = {moment maps/quotient constructions,quaternionic Kähler geometry},
  Shortjournal             = {Comm. Math. Phys.},
  Url                      = {https://projecteuclid.org/euclid.cmp/1104116360},
  Urldate                  = {2017-12-06}
}

@Article{GL1988,
  Title                    = {Quaternionic Reduction and Quaternionic Orbifolds},
  Author                   = {Galicki, K. and Lawson, H. B.},
  Number                   = {1},
  Pages                    = {1-21},
  Volume                   = {282},

  Date                     = {1988-03-01},
  Doi                      = {10.1007/BF01457009},
  ISSN                     = {0025-5831, 1432-1807},
  Journaltitle             = {Mathematische Annalen},
  Keywords                 = {moment maps/quotient constructions,quaternionic Kähler geometry},
  Langid                   = {english},
  Shortjournal             = {Math. Ann.},
  Url                      = {https://link.springer.com/article/10.1007/BF01457009},
  Urldate                  = {2017-12-06}
}

@Article{GMS2011,
  Title                    = {Almost Complex Structures on Quaternion-{{Kähler}} Manifolds and Inner Symmetric Spaces},
  Author                   = {Gauduchon, Paul and Moroianu, Andrei and Semmelmann, Uwe},
  Number                   = {2},
  Pages                    = {389--403},
  Volume                   = {184},

  Date                     = {2011},
  Doi                      = {10.1007/s00222-010-0291-6},
  ISSN                     = {0020-9910},
  Journaltitle             = {Inventiones Mathematicae},
  Keywords                 = {symmetric spaces,index theory,almost complex geometry,quaternionic Kähler geometry},
  Shortjournal             = {Invent. Math.},
  Url                      = {http://www.ams.org/mathscinet-getitem?mr=2793859}
}

@Article{Hay2008,
  Title                    = {{{HyperKähler}} and Quaternionic {{Kähler}} Manifolds with \${{S}}\^1\$-Symmetries},
  Author                   = {Haydys, Andriy},
  Number                   = {3},
  Pages                    = {293--306},
  Volume                   = {58},

  Date                     = {2008},
  Doi                      = {10.1016/j.geomphys.2007.11.004},
  ISSN                     = {0393-0440},
  Journaltitle             = {Journal of Geometry and Physics},
  Keywords                 = {Kähler geometry,hyper-Kähler geometry,quaternionic Kähler geometry,HK/QK correspondence},
  Shortjournal             = {J. Geom. Phys.},
  Url                      = {http://www.ams.org/mathscinet-getitem?mr=2394039},
  Urldate                  = {2017-06-03}
}

@Article{Hit1992,
  Title                    = {Hyper-{{Kähler}} Manifolds},
  Author                   = {Hitchin, Nigel},
  Number                   = {206},
  Pages                    = {Exp.$\backslash$ No.$\backslash$ 748, 3, 137--166},

  Date                     = {1992},
  ISSN                     = {0303-1179},
  Journaltitle             = {Astérisque},
  Keywords                 = {expository,twistor spaces,hyper-Kähler geometry},
  Shortjournal             = {Astérisque},
  Url                      = {http://www.ams.org/mathscinet-getitem?mr=1206066}
}

@InCollection{Hit2001,
  Title                    = {Lectures on Special {{Lagrangian}} Submanifolds},
  Author                   = {Hitchin, Nigel},
  Booktitle                = {Winter {{School}} on {{Mirror Symmetry}}, {{Vector Bundles}} and {{Lagrangian Submanifolds}} ({{Cambridge}}, {{MA}}, 1999)},
  Publisher                = {{Amer. Math. Soc., Providence, RI}},
  Pages                    = {151--182},
  Series                   = {AMS/IP Stud. Adv. Math.},
  Volume                   = {23},

  Date                     = {2001},
  Keywords                 = {classic papers,expository,moduli spaces,symplectic geometry,mirror symmetry,Lagrangian submanifolds},
  Url                      = {http://www.ams.org/mathscinet-getitem?mr=1876068}
}

@InCollection{Hit2009,
  Title                    = {Quaternionic {{Kähler}} Moduli Spaces},
  Author                   = {Hitchin, Nigel},
  Booktitle                = {Riemannian Topology and Geometric Structures on Manifolds},
  Publisher                = {{Birkhäuser Boston, Boston, MA}},
  Pages                    = {49--61},
  Series                   = {Progr. Math.},
  Volume                   = {271},

  Date                     = {2009},
  Doi                      = {10.1007/978-0-8176-4743-8_3},
  Keywords                 = {moduli spaces,algebraic geometry,quaternionic Kähler geometry},
  Url                      = {http://www.ams.org/mathscinet-getitem?mr=2494168}
}

@Article{Hit2013,
  Title                    = {On the Hyperkähler/Quaternion {{Kähler}} Correspondence},
  Author                   = {Hitchin, Nigel},
  Number                   = {1},
  Pages                    = {77--106},
  Volume                   = {324},

  Date                     = {2013},
  Doi                      = {10.1007/s00220-013-1689-y},
  ISSN                     = {0010-3616},
  Journaltitle             = {Communications in Mathematical Physics},
  Keywords                 = {twistor spaces,complex geometry,almost complex geometry,hyper-Kähler geometry,quaternionic Kähler geometry},
  Shortjournal             = {Comm. Math. Phys.},
  Url                      = {http://www.ams.org/mathscinet-getitem?mr=3116317}
}

@Article{Hit1981,
  Title                    = {Kählerian Twistor Spaces},
  Author                   = {Hitchin, N. J.},
  Number                   = {1},
  Pages                    = {133--150},
  Volume                   = {43},

  Date                     = {1981},
  Doi                      = {10.1112/plms/s3-43.1.133},
  ISSN                     = {0024-6115},
  Journaltitle             = {Proceedings of the London Mathematical Society. Third Series},
  Keywords                 = {classic papers,twistor spaces,complex geometry,four-manifolds},
  Shortjournal             = {Proc. London Math. Soc. (3)},
  Url                      = {http://www.ams.org/mathscinet-getitem?mr=623721}
}

@Article{Hit1995,
  Title                    = {Twistor Spaces, {{Einstein}} Metrics and Isomonodromic Deformations},
  Author                   = {Hitchin, N. J.},
  Number                   = {1},
  Pages                    = {30--112},
  Volume                   = {42},

  Date                     = {1995},
  ISSN                     = {0022-040X},
  Journaltitle             = {Journal of Differential Geometry},
  Keywords                 = {classic papers,twistor spaces,Einstein metrics},
  Shortjournal             = {J. Differential Geom.},
  Url                      = {http://www.ams.org/mathscinet-getitem?mr=1350695}
}

@Article{HKLR1987,
  Title                    = {Hyper-{{Kähler}} Metrics and Supersymmetry},
  Author                   = {Hitchin, N. J. and Karlhede, A. and Lindström, U. and Roček, M.},
  Number                   = {4},
  Pages                    = {535--589},
  Volume                   = {108},

  Date                     = {1987},
  ISSN                     = {0010-3616},
  Journaltitle             = {Communications in Mathematical Physics},
  Keywords                 = {classic papers,supersymmetry,complex geometry,symplectic geometry,hyper-Kähler geometry},
  Shortjournal             = {Comm. Math. Phys.},
  Url                      = {http://www.ams.org/mathscinet-getitem?mr=877637}
}

@Article{Ion2017,
  Title                    = {Twisted Hyperk$\backslash$"ahler Symmetries and Hyperholomorphic Line Bundles},
  Author                   = {Ionas, Radu A.},

  Archiveprefix            = {arXiv},
  Date                     = {2017-12-01},
  Eprint                   = {1712.00199},
  Eprinttype               = {arxiv},
  Keywords                 = {c-map,hyper-Kähler geometry,special Kähler geometry},
  Primaryclass             = {hep-th},
  Url                      = {http://arxiv.org/abs/1712.00199},
  Urldate                  = {2017-12-06}
}

@Article{Ish1974,
  Title                    = {Quaternion {{Kählerian}} Manifolds},
  Author                   = {Ishihara, Shigeru},
  Pages                    = {483--500},
  Volume                   = {9},

  Date                     = {1974},
  ISSN                     = {0022-040X},
  Journaltitle             = {Journal of Differential Geometry},
  Keywords                 = {quaternionic Kähler geometry},
  Shortjournal             = {J. Differential Geometry},
  Url                      = {http://www.ams.org/mathscinet-getitem?mr=0348687},
  Urldate                  = {2017-04-03}
}

@Article{Kob1959,
  Title                    = {Remarks on Complex Contact Manifolds},
  Author                   = {Kobayashi, Shoshichi},
  Pages                    = {164--167},
  Volume                   = {10},

  Date                     = {1959},
  Doi                      = {10.2307/2032906},
  ISSN                     = {0002-9939},
  Journaltitle             = {Proceedings of the American Mathematical Society},
  Keywords                 = {complex contact structure},
  Shortjournal             = {Proc. Amer. Math. Soc.},
  Url                      = {http://www.ams.org/mathscinet-getitem?mr=0111061},
  Urldate                  = {2017-04-03}
}

@Article{Kra1966,
  Title                    = {Topology of Quaternionic Manifolds},
  Author                   = {Kraines, Vivian Yoh},
  Pages                    = {357--367},
  Volume                   = {122},

  Date                     = {1966},
  Doi                      = {10.2307/1994553},
  ISSN                     = {0002-9947},
  Journaltitle             = {Transactions of the American Mathematical Society},
  Keywords                 = {cohomology ring,quaternionic Kähler geometry},
  Shortjournal             = {Trans. Amer. Math. Soc.},
  Url                      = {http://www.ams.org/mathscinet-getitem?mr=0192513},
  Urldate                  = {2017-04-03}
}

@Article{LeB1988,
  Title                    = {A {{Rigidity Theorem}} for {{Quaternionic}}-{{Kähler Manifolds}}},
  Author                   = {LeBrun, Claude},
  Number                   = {4},
  Pages                    = {1205-1208},
  Volume                   = {103},

  Date                     = {1988},
  Doi                      = {10.2307/2047113},
  Eprint                   = {2047113},
  Eprinttype               = {jstor},
  ISSN                     = {0002-9939},
  Journaltitle             = {Proceedings of the American Mathematical Society},
  Keywords                 = {twistor spaces,complex contact structure,quaternionic Kähler geometry}
}

@Article{LeB1989,
  Title                    = {Quaternionic-{{Kähler}} Manifolds and Conformal Geometry},
  Author                   = {LeBrun, Claude},
  Number                   = {3},
  Pages                    = {353-376},
  Volume                   = {284},

  Date                     = {1989-09-01},
  Doi                      = {10.1007/BF01442490},
  ISSN                     = {0025-5831, 1432-1807},
  Journaltitle             = {Mathematische Annalen},
  Keywords                 = {twistor spaces,quaternionic Kähler geometry},
  Langid                   = {english},
  Shortjournal             = {Math. Ann.},
  Url                      = {https://link.springer.com/article/10.1007/BF01442490},
  Urldate                  = {2017-12-06}
}

@Article{LeB199108,
  Title                    = {On Complete Quaternionic-{{Kähler}} Manifolds},
  Author                   = {LeBrun, Claude},
  Number                   = {3},
  Pages                    = {723-743},
  Volume                   = {63},

  Abstract                 = {Project Euclid - mathematics and statistics online},
  Date                     = {199108},
  Doi                      = {10.1215/S0012-7094-91-06331-3},
  ISSN                     = {0012-7094, 1547-7398},
  Journaltitle             = {Duke Mathematical Journal},
  Keywords                 = {deformation of privileged metric,twistor spaces,complex contact structure,quaternionic Kähler geometry},
  Shortjournal             = {Duke Math. J.},
  Url                      = {https://projecteuclid.org/euclid.dmj/1077296077},
  Urldate                  = {2017-12-06}
}

@Article{LeB1995,
  Title                    = {Fano Manifolds, Contact Structures, and Quaternionic Geometry},
  Author                   = {LeBrun, Claude},
  Number                   = {03},
  Pages                    = {419-437},
  Volume                   = {06},

  Date                     = {1995-06-01},
  Doi                      = {10.1142/S0129167X95000146},
  ISSN                     = {0129-167X},
  Journaltitle             = {International Journal of Mathematics},
  Keywords                 = {twistor spaces,complex contact structure,Fano manifolds,quaternionic Kähler geometry},
  Shortjournal             = {Int. J. Math.},
  Url                      = {http://www.worldscientific.com/doi/abs/10.1142/S0129167X95000146},
  Urldate                  = {2017-12-06}
}

@Article{LS1994,
  Title                    = {Strong Rigidity of Positive Quaternion-{{Kähler}} Manifolds},
  Author                   = {LeBrun, Claude and Salamon, Simon},
  Number                   = {1},
  Pages                    = {109--132},
  Volume                   = {118},

  Date                     = {1994},
  Doi                      = {10.1007/BF01231528},
  ISSN                     = {0020-9910},
  Journaltitle             = {Inventiones Mathematicae},
  Keywords                 = {twistor spaces,quaternionic Kähler geometry},
  Shortjournal             = {Invent. Math.},
  Url                      = {http://www.ams.org/mathscinet-getitem?mr=1288469},
  Urldate                  = {2017-04-03}
}

@Article{MS2014,
  Title                    = {Elementary Deformations and the {{hyperK}}$\backslash$"ahler-Quaternionic {{K}}$\backslash$"ahler Correspondence},
  Author                   = {Macia, Oscar and Swann, Andrew},

  Archiveprefix            = {arXiv},
  Date                     = {2014-04-04},
  Eprint                   = {1404.1169},
  Eprinttype               = {arxiv},
  Keywords                 = {expository,c-map,hyper-Kähler geometry,quaternionic Kähler geometry,twist construction},
  Primaryclass             = {hep-th},
  Url                      = {http://arxiv.org/abs/1404.1169},
  Urldate                  = {2018-05-25}
}

@Article{MS2015,
  Title                    = {Twist Geometry of the C-Map},
  Author                   = {Macia, Oscar and Swann, Andrew},
  Number                   = {3},
  Pages                    = {1329--1357},
  Volume                   = {336},

  Date                     = {2015},
  Doi                      = {10.1007/s00220-015-2314-z},
  ISSN                     = {0010-3616},
  Journaltitle             = {Communications in Mathematical Physics},
  Keywords                 = {c-map,hyper-Kähler geometry,quaternionic Kähler geometry,special Kähler geometry,HK/QK correspondence,twist construction},
  Shortjournal             = {Comm. Math. Phys.},
  Url                      = {https://mathscinet.ams.org/mathscinet-getitem?mr=3324146},
  Urldate                  = {2018-04-25}
}

@Article{NPV2007,
  Title                    = {Twistors and Black Holes},
  Author                   = {Neitzke, Andrew and Pioline, Boris and Vandoren, Stefan},
  Number                   = {4},
  Pages                    = {038, 41},

  Date                     = {2007},
  Doi                      = {10.1088/1126-6708/2007/04/038},
  ISSN                     = {1126-6708},
  Journaltitle             = {Journal of High Energy Physics. A SISSA Journal},
  Keywords                 = {physical mathematics,c-map,quaternionic Kähler geometry},
  Shortjournal             = {J. High Energy Phys.},
  Url                      = {https://mathscinet.ams.org/mathscinet-getitem?mr=2318751},
  Urldate                  = {2018-04-27}
}

@InProceedings{Pen1975,
  Title                    = {Twistor Theory - {{Its}} Aims and Achievements},
  Author                   = {Penrose, R.},
  Pages                    = {268-407},

  Abstract                 = {The essential scope of twistor theory is fully outlined and analyzed. It is noted that the basic aims of twistor theory are to provide an alternative framework for physics in which the space-time continuum and the complex continuum of quantum mechanics are merged into one and to eliminate the continuum concept from the basis of physical theory. It is also noted that in the context of the present theory, space-time points are derived objects, twistors are more basic phenomena, and quantum-mechanical uncertainties are transferred to the very concept of a space-time point. Flat-space twistors are described analytically, and the geometry of Minkowski space is reformulated in terms of the geometry of twistor space. Twistor first-quantization rules are outlined together with rules for twistor diagrams and techniques for translating analytic expressions into such diagrams. Properties of curved-space twistors are analyzed, and these twistors are identified as local, global null, hypersurface, and asymptotic twistors.},
  Date                     = {1975},
  Eventtitle               = {Quantum Gravity; {{Proceedings}} of the {{Oxford Symposium}}, {{Harwell}}, {{Berks}}., {{England}}, {{February}} 15, 16, 1974. ({{A76}}-11051 01-90) {{Oxford}}, {{Clarendon Press}}, 1975, p. 268-407.},
  Keywords                 = {twistor spaces,fun stuff},
  Url                      = {http://adsabs.harvard.edu/abs/1975qngr.symp..268P},
  Urldate                  = {2017-04-26}
}

@Article{PS1991,
  Title                    = {Quaternionic {{Kähler}} \$8\$-Manifolds with Positive Scalar Curvature},
  Author                   = {Poon, Y. S. and Salamon, S. M.},
  Number                   = {2},
  Pages                    = {363--378},
  Volume                   = {33},

  Date                     = {1991},
  ISSN                     = {0022-040X},
  Journaltitle             = {Journal of Differential Geometry},
  Keywords                 = {twistor spaces,symmetric spaces,quaternionic Kähler geometry},
  Shortjournal             = {J. Differential Geom.},
  Url                      = {http://www.ams.org/mathscinet-getitem?mr=1094461},
  Urldate                  = {2017-04-03}
}

@Article{RSV2006,
  Title                    = {String Loop Corrected Hypermultiplet Moduli Spaces},
  Author                   = {Robles Llana, Daniel and Saueressig, Frank and Vandoren, Stefan},
  Number                   = {3},
  Pages                    = {081, 35},

  Date                     = {2006},
  Doi                      = {10.1088/1126-6708/2006/03/081},
  ISSN                     = {1126-6708},
  Journaltitle             = {Journal of High Energy Physics. A SISSA Journal},
  Keywords                 = {physical mathematics,supersymmetry,deformation of privileged metric,string theory,quaternionic Kähler geometry},
  Shortjournal             = {J. High Energy Phys.},
  Url                      = {https://mathscinet.ams.org/mathscinet-getitem?mr=2222955},
  Urldate                  = {2018-04-16}
}

@Article{Sal1982,
  Title                    = {Quaternionic {{Kähler}} Manifolds},
  Author                   = {Salamon, Simon},
  Number                   = {1},
  Pages                    = {143--171},
  Volume                   = {67},

  Date                     = {1982},
  Doi                      = {10.1007/BF01393378},
  ISSN                     = {0020-9910},
  Journaltitle             = {Inventiones Mathematicae},
  Keywords                 = {twistor spaces,quaternionic Kähler geometry},
  Shortjournal             = {Invent. Math.},
  Url                      = {http://www.ams.org/mathscinet-getitem?mr=664330},
  Urldate                  = {2017-04-03}
}

@InCollection{Sal1985,
  Title                    = {Harmonic and Holomorphic Maps},
  Author                   = {Salamon, Simon},
  Booktitle                = {Geometry Seminar “{{Luigi Bianchi}}” {{II}}—1984},
  Publisher                = {{Springer, Berlin}},
  Pages                    = {161--224},
  Series                   = {Lecture Notes in Math.},
  Volume                   = {1164},

  Date                     = {1985},
  Doi                      = {10.1007/BFb0081912},
  Keywords                 = {twistor spaces,almost complex geometry,quaternionic Kähler geometry},
  Url                      = {http://www.ams.org/mathscinet-getitem?mr=829230},
  Urldate                  = {2017-04-03}
}

@InCollection{Sal1984,
  Title                    = {Quaternionic Structures and Twistor Spaces},
  Author                   = {Salamon, S. M.},
  Booktitle                = {Global {{Riemannian}} Geometry ({{Durham}}, 1983)},
  Publisher                = {{Horwood, Chichester}},
  Pages                    = {65--74},
  Series                   = {Ellis Horwood Ser. Math. Appl.},

  Date                     = {1984},
  Keywords                 = {twistor spaces,quaternionic Kähler geometry},
  Url                      = {http://www.ams.org/mathscinet-getitem?mr=757207}
}

@Article{Sal1986,
  Title                    = {Differential Geometry of Quaternionic Manifolds},
  Author                   = {Salamon, S. M.},
  Number                   = {1},
  Pages                    = {31--55},
  Volume                   = {19},

  Date                     = {1986},
  ISSN                     = {0012-9593},
  Journaltitle             = {Annales Scientifiques de l'École Normale Supérieure. Quatrième Série},
  Keywords                 = {representation theory,twistor spaces,quaternionic Kähler geometry},
  Shortjournal             = {Ann. Sci. École Norm. Sup. (4)},
  Url                      = {http://www.ams.org/mathscinet-getitem?mr=860810},
  Urldate                  = {2017-04-03}
}

@InCollection{Sal1993,
  Title                    = {Index Theory and Quaternionic {{Kähler}} Manifolds},
  Author                   = {Salamon, S. M.},
  Booktitle                = {Differential Geometry and Its Applications ({{Opava}}, 1992)},
  Publisher                = {{Silesian Univ. Opava, Opava}},
  Pages                    = {387--404},
  Series                   = {Math. Publ.},
  Volume                   = {1},

  Date                     = {1993},
  Keywords                 = {index theory,quaternionic Kähler geometry},
  Url                      = {http://www.ams.org/mathscinet-getitem?mr=1255556}
}

@InCollection{Sal1999,
  Title                    = {Quaternion-{{Kähler}} Geometry},
  Author                   = {Salamon, S. M.},
  Booktitle                = {Surveys in Differential Geometry: Essays on {{Einstein}} Manifolds},
  Publisher                = {{Int. Press, Boston, MA}},
  Pages                    = {83--121},
  Series                   = {Surv. Differ. Geom.},
  Volume                   = {6},

  Date                     = {1999},
  Doi                      = {10.4310/SDG.2001.v6.n1.a5},
  Keywords                 = {twistor spaces,symmetric spaces,almost complex geometry,quaternionic Kähler geometry},
  Url                      = {http://www.ams.org/mathscinet-getitem?mr=1798608},
  Urldate                  = {2017-04-03}
}

@Article{Swa1990,
  Title                    = {{{HyperKähler}} and {{Quaternionic Kähler Geometry}}},
  Author                   = {Swann, Andrew},

  Date                     = {1990},
  Keywords                 = {expository,twistor spaces,hyper-Kähler geometry,quaternionic Kähler geometry},
  Url                      = {http://home.math.au.dk/swann/thesisafs.pdf}
}

@Article{Swa1991,
  Title                    = {Hyper-{{Kähler}} and Quaternionic {{Kähler}} Geometry},
  Author                   = {Swann, Andrew},
  Number                   = {3},
  Pages                    = {421--450},
  Volume                   = {289},

  Date                     = {1991},
  Doi                      = {10.1007/BF01446581},
  ISSN                     = {0025-5831},
  Journaltitle             = {Mathematische Annalen},
  Keywords                 = {twistor spaces,almost complex geometry,hyper-Kähler geometry,quaternionic Kähler geometry},
  Shortjournal             = {Math. Ann.},
  Url                      = {http://www.ams.org/mathscinet-getitem?mr=1096180},
  Urldate                  = {2017-04-03}
}

@Article{Swa2010,
  Title                    = {Twisting {{Hermitian}} and Hypercomplex Geometries},
  Author                   = {Swann, Andrew},
  Number                   = {2},
  Pages                    = {403--431},
  Volume                   = {155},

  Date                     = {2010},
  Doi                      = {10.1215/00127094-2010-059},
  ISSN                     = {0012-7094},
  Journaltitle             = {Duke Mathematical Journal},
  Keywords                 = {hyper-Kähler geometry,quaternionic Kähler geometry},
  Shortjournal             = {Duke Math. J.},
  Url                      = {https://mathscinet.ams.org/mathscinet-getitem?mr=2736170},
  Urldate                  = {2018-05-18}
}

@Article{dKV2000,
  Title                    = {Superconformal Hypermultiplets},
  Author                   = {de Wit, Bernard and Kleijn, Bas and Vandoren, Stefan},
  Number                   = {3},
  Pages                    = {475-502},
  Volume                   = {568},

  Date                     = {2000-03-06},
  Doi                      = {10.1016/S0550-3213(99)00726-9},
  ISSN                     = {0550-3213},
  Journaltitle             = {Nuclear Physics B},
  Keywords                 = {moduli spaces,physical mathematics,supersymmetry,conformal field theory,hyper-Kähler geometry,quaternionic Kähler geometry},
  Options                  = {useprefix=true},
  Shortjournal             = {Nuclear Physics B},
  Url                      = {http://www.sciencedirect.com/science/article/pii/S0550321399007269},
  Urldate                  = {2017-12-06}
}

@Article{WRV2001,
  Title                    = {Hypermultiplets, Hyperkahler Cones and Quaternion-{{Kahler}} Geometry},
  Author                   = {de Wit, Bernard and Rocek, Martin and Vandoren, Stefan},
  Number                   = {02},
  Pages                    = {039},
  Volume                   = {2001},

  Date                     = {2001},
  Doi                      = {10.1088/1126-6708/2001/02/039},
  ISSN                     = {1126-6708},
  Journaltitle             = {Journal of High Energy Physics},
  Keywords                 = {moduli spaces,physical mathematics,supersymmetry,hyper-Kähler geometry,quaternionic Kähler geometry},
  Langid                   = {english},
  Shortjournal             = {J. High Energy Phys.},
  Url                      = {http://stacks.iop.org/1126-6708/2001/i=02/a=039},
  Urldate                  = {2017-12-06}
}

@Article{Wol1965,
  Title                    = {Complex Homogeneous Contact Manifolds and Quaternionic Symmetric Spaces},
  Author                   = {Wolf, Joseph A.},
  Pages                    = {1033--1047},
  Volume                   = {14},

  Date                     = {1965},
  Journaltitle             = {J. Math. Mech.},
  Keywords                 = {complex contact structure,symmetric spaces,Wolf spaces,quaternionic Kähler geometry},
  Url                      = {http://www.ams.org/mathscinet-getitem?mr=0185554},
  Urldate                  = {2017-04-03}
}

@Article{Woo1976,
  Title                    = {Twistor Theory and Geometric Quantization},
  Author                   = {Woodhouse, Nicholas},
  Pages                    = {149--163. Lecture Notes in Phys., Vol. 50},

  Date                     = {1976},
  Journaltitle             = {Group theoretical methods in physics (Fourth Internat. Colloq., Nijmegen, 1975)},
  Url                      = {https://mathscinet.ams.org/mathscinet-getitem?mr=0496421},
  Urldate                  = {2018-05-04}
}

