% Encoding: UTF-8

@incollection{But2010,
  title = {Homogeneous Nearly {{K{\"a}hler}} Manifolds},
  volume = {16},
  url = {http://www.ams.org/mathscinet-getitem?mr=2681596},
  timestamp = {2017-04-03T19:23:49Z},
  booktitle = {Handbook of Pseudo-{{Riemannian}} Geometry and Supersymmetry},
  series = {IRMA Lect. Math. Theor. Phys.},
  publisher = {{Eur. Math. Soc., Z{\"u}rich}},
  author = {Butruille, Jean-Baptiste},
  urldate = {2017-04-03},
  date = {2010},
  pages = {399--423},
  keywords = {3-symmetric spaces,homogeneous spaces,nearly Kähler structure},
  mrnumber = {2681596},
  doi = {10.4171/079-1/11}
}

@incollection{Nag2010,
  title = {Connections with Totally Skew-Symmetric Torsion and Nearly-{{K{\"a}hler}} Geometry},
  volume = {16},
  url = {http://www.ams.org/mathscinet-getitem?mr=2681595},
  timestamp = {2017-04-03T19:23:51Z},
  booktitle = {Handbook of Pseudo-{{Riemannian}} Geometry and Supersymmetry},
  series = {IRMA Lect. Math. Theor. Phys.},
  publisher = {{Eur. Math. Soc., Z{\"u}rich}},
  author = {Nagy, Paul-Andi},
  urldate = {2017-04-03},
  date = {2010},
  pages = {347--398},
  keywords = {nearly Kähler structure},
  mrnumber = {2681595},
  doi = {10.4171/079-1/10}
}

@Article{GNO2017,
  author       = {Grama, L. and Negreiros, C. J. C. and Oliveira, A. R.},
  title        = {Invariant Almost Complex Geometry on Flag Manifolds: Geometric Formality and {{Chern}} Numbers},
  journaltitle = {Ann. Mat. Pura Appl. (4)},
  date         = {2017-02-01},
  volume       = {196},
  number       = {1},
  pages        = {165--200},
  issn         = {0373-3114, 1618-1891},
  doi          = {10.1007/s10231-016-0568-5},
  url          = {https://link-springer-com.emedien.ub.uni-muenchen.de/article/10.1007/s10231-016-0568-5},
  urldate      = {2017-04-03},
  abstract     = {In the first part of this paper, we study geometric formality for generalized flag manifolds, including full flag manifolds of exceptional Lie groups. In the second part, we deal with the problem of t},
  keywords     = {almost complex structure,characteristic classes,flag manifolds,homogeneous spaces},
  langid       = {english},
  shorttitle   = {Invariant Almost Complex Geometry on Flag Manifolds},
  timestamp    = {2017-04-07T13:02:30Z},
}

@Article{Kot2009,
  author       = {Kotschick, D.},
  title        = {Characteristic Numbers of Algebraic Varieties},
  journaltitle = {Proc. Nat. Acad. Sci. USA},
  date         = {2009},
  volume       = {106},
  number       = {25},
  pages        = {10114--10115},
  issn         = {1091-6490},
  doi          = {10.1073/pnas.0903504106},
  url          = {http://www.ams.org/mathscinet-getitem?mr=2520683},
  urldate      = {2017-04-03},
  keywords     = {characteristic classes},
  mrnumber     = {2520683},
  timestamp    = {2017-04-03T19:25:27Z},
}

@article{Kot2010,
  title = {Pontryagin Numbers and Nonnegative Curvature},
  volume = {646},
  issn = {0075-4102},
  url = {http://www.ams.org/mathscinet-getitem?mr=2719558},
  doi = {10.1515/CRELLE.2010.068},
  timestamp = {2017-04-03T19:25:42Z},
  journaltitle = {J. Reine Angew. Math.},
  author = {Kotschick, D.},
  urldate = {2017-04-03},
  date = {2010},
  pages = {135--140},
  keywords = {characteristic classes},
  mrnumber = {2719558}
}

@article{Kot2012,
  title = {Topologically Invariant {{Chern}} Numbers of Projective Varieties},
  volume = {229},
  issn = {0001-8708},
  url = {http://www.ams.org/mathscinet-getitem?mr=2855094},
  doi = {10.1016/j.aim.2011.10.020},
  timestamp = {2017-04-03T19:25:55Z},
  number = {2},
  journaltitle = {Adv. Math.},
  author = {Kotschick, D.},
  urldate = {2017-04-03},
  date = {2012},
  pages = {1300--1312},
  keywords = {characteristic classes},
  mrnumber = {2855094}
}

@article{KS2013,
  title = {The {{Hodge}} Ring of {{K{\"a}hler}} Manifolds},
  volume = {149},
  issn = {0010-437X},
  url = {http://www.ams.org/mathscinet-getitem?mr=3049698},
  doi = {10.1112/S0010437X12000759},
  timestamp = {2017-04-03T19:26:04Z},
  number = {4},
  journaltitle = {Compos. Math.},
  author = {Kotschick, D. and Schreieder, S.},
  urldate = {2017-04-03},
  date = {2013},
  pages = {637--657},
  keywords = {characteristic classes},
  mrnumber = {3049698}
}

@article{KT2009,
  title = {Chern Numbers and the Geometry of Partial Flag Manifolds},
  volume = {84},
  issn = {0010-2571},
  url = {http://www.ams.org/mathscinet-getitem?mr=2507255},
  doi = {10.4171/CMH/174},
  timestamp = {2017-04-03T19:26:12Z},
  number = {3},
  journaltitle = {Comment. Math. Helv.},
  author = {Kotschick, D. and Terzi{\'c}, S.},
  urldate = {2017-04-03},
  date = {2009},
  pages = {587--616},
  keywords = {almost complex structure,characteristic classes,homogeneous spaces},
  mrnumber = {2507255}
}

@article{But2005,
  title = {Classification Des Vari{\'e}t{\'e}s Approximativement K{\"a}hleriennes Homog{\`e}nes},
  volume = {27},
  issn = {0232-704X},
  url = {http://www.ams.org/mathscinet-getitem?mr=2158165},
  doi = {10.1007/s10455-005-1581-x},
  timestamp = {2017-04-03T19:27:42Z},
  number = {3},
  journaltitle = {Ann. Global Anal. Geom.},
  author = {Butruille, Jean-Baptiste},
  urldate = {2017-04-03},
  date = {2005},
  pages = {201--225},
  keywords = {3-symmetric spaces,homogeneous spaces,nearly Kähler structure},
  mrnumber = {2158165}
}

@Article{Gra1970,
  author       = {Gray, Alfred},
  title        = {Nearly {{K{\"a}hler}} Manifolds},
  journaltitle = {J. Differential Geom.},
  date         = {1970},
  volume       = {4},
  pages        = {283--309},
  issn         = {0022-040X},
  url          = {http://www.ams.org/mathscinet-getitem?mr=0267502},
  urldate      = {2017-04-03},
  keywords     = {3-symmetric spaces,nearly Kähler structure,twistor spaces},
  mrnumber     = {0267502},
  timestamp    = {2017-04-03T19:29:51Z},
}

@article{Gra1976,
  title = {The Structure of Nearly {{K{\"a}hler}} Manifolds},
  volume = {223},
  issn = {0025-5831},
  url = {http://www.ams.org/mathscinet-getitem?mr=0417965},
  doi = {10.1007/BF01360955},
  timestamp = {2017-04-03T19:30:57Z},
  number = {3},
  journaltitle = {Math. Ann.},
  author = {Gray, Alfred},
  urldate = {2017-04-03},
  date = {1976},
  pages = {233--248},
  keywords = {nearly Kähler structure},
  mrnumber = {0417965}
}

@article{Nag2002,
  title = {On Nearly-{{K{\"a}hler}} Geometry},
  volume = {22},
  issn = {0232-704X},
  url = {http://www.ams.org/mathscinet-getitem?mr=1923275},
  doi = {10.1023/A:1019506730571},
  timestamp = {2017-04-03T19:31:52Z},
  number = {2},
  journaltitle = {Ann. Global Anal. Geom.},
  author = {Nagy, Paul-Andi},
  urldate = {2017-04-03},
  date = {2002},
  pages = {167--178},
  keywords = {nearly Kähler structure,twistor spaces},
  mrnumber = {1923275}
}

@Article{AGI1998,
  author       = {Alexandrov, Bogdan and Grantcharov, Gueo and Ivanov, Stefan},
  title        = {Curvature Properties of Twistor Spaces of Quaternionic {{K{\"a}hler}} Manifolds},
  journaltitle = {J. Geom.},
  date         = {1998},
  volume       = {62},
  pages        = {1--12},
  issn         = {0047-2468},
  doi          = {10.1007/BF01237595},
  url          = {http://www.ams.org/mathscinet-getitem?mr=1631453},
  urldate      = {2017-04-03},
  keywords     = {almost complex structure,quaternionic Kähler structure,twistor spaces},
  mrnumber     = {1631453},
  timestamp    = {2017-04-03T19:38:39Z},
}

@article{ACS2013,
  title = {Homogeneous {{Einstein}} Metrics on \${{G}}\_2/{{T}}\$},
  volume = {141},
  issn = {0002-9939},
  url = {http://www.ams.org/mathscinet-getitem?mr=3043029},
  doi = {10.1090/S0002-9939-2013-11682-5},
  timestamp = {2017-04-03T19:41:52Z},
  number = {7},
  journaltitle = {Proc. Amer. Math. Soc.},
  author = {Arvanitoyeorgos, Andreas and Chrysikos, Ioannis and Sakane, Yusuke},
  urldate = {2017-04-03},
  date = {2013},
  pages = {2485--2499},
  keywords = {Einstein metrics,flag manifolds,G2,homogeneous spaces,Kaehler-Einstein metrics},
  mrnumber = {3043029}
}

@article{AC2010,
  title = {Invariant {{Einstein}} Metrics on Flag Manifolds with Four Isotropy Summands},
  volume = {37},
  issn = {0232-704X},
  url = {http://www.ams.org/mathscinet-getitem?mr=2578265},
  doi = {10.1007/s10455-009-9183-7},
  timestamp = {2017-04-03T19:47:25Z},
  number = {2},
  journaltitle = {Ann. Global Anal. Geom.},
  author = {Arvanitoyeorgos, Andreas and Chrysikos, Ioannis},
  urldate = {2017-04-03},
  date = {2010},
  pages = {185--219},
  keywords = {Einstein metrics,flag manifolds,G2,homogeneous spaces,Kaehler-Einstein metrics},
  mrnumber = {2578265}
}

@Article{Bry1987,
  author       = {Bryant, Robert L.},
  title        = {Metrics with Exceptional Holonomy},
  journaltitle = {Ann. of Math. (2)},
  date         = {1987},
  volume       = {126},
  number       = {3},
  pages        = {525--576},
  issn         = {0003-486X},
  doi          = {10.2307/1971360},
  url          = {http://www.ams.org/mathscinet-getitem?mr=916718},
  urldate      = {2017-04-03},
  keywords     = {G2,octonions},
  mrnumber     = {916718},
  timestamp    = {2017-04-03T19:48:55Z},
}

@article{HL1982,
  title = {Calibrated Geometries},
  volume = {148},
  issn = {0001-5962},
  url = {http://www.ams.org/mathscinet-getitem?mr=666108},
  doi = {10.1007/BF02392726},
  timestamp = {2017-04-03T19:49:46Z},
  journaltitle = {Acta Math.},
  author = {Harvey, Reese and Lawson, Jr., H. Blaine},
  urldate = {2017-04-03},
  date = {1982},
  pages = {47--157},
  keywords = {G2,octonions},
  mrnumber = {666108}
}

@incollection{Mur1989,
  title = {Exceptional Simple {{Lie}} Groups and Related Topics in Recent Differential Geometry},
  volume = {1369},
  url = {http://www.ams.org/mathscinet-getitem?mr=1001187},
  timestamp = {2017-04-03T19:52:43Z},
  booktitle = {Differential Geometry and Topology ({{Tianjin}}, 1986\textendash{}87)},
  series = {Lecture Notes in Math.},
  publisher = {{Springer, Berlin}},
  author = {Murakami, Shingo},
  urldate = {2017-04-03},
  date = {1989},
  pages = {183--221},
  keywords = {G2,octonions},
  mrnumber = {1001187},
  doi = {10.1007/BFb0087534}
}

@Article{SW2015,
  author       = {Svensson, Martin and Wood, John C.},
  title        = {Harmonic Maps into the Exceptional Symmetric Space {$G_2/SO(4)$}},
  journaltitle = {J. Lond. Math. Soc. (2)},
  date         = {2015},
  volume       = {91},
  number       = {1},
  pages        = {291--319},
  issn         = {0024-6107},
  doi          = {10.1112/jlms/jdu073},
  url          = {http://www.ams.org/mathscinet-getitem?mr=3338615},
  urldate      = {2017-04-03},
  keywords     = {G2,homogeneous spaces,octonions,symmetric spaces,twistor spaces},
  mrnumber     = {3338615},
  timestamp    = {2017-04-03T19:54:14Z},
}

@Article{Hir1954,
  author       = {Hirzebruch, Friedrich},
  title        = {Some Problems on Differentiable and Complex Manifolds},
  journaltitle = {Ann. of Math. (2)},
  date         = {1954},
  volume       = {60},
  pages        = {213--236},
  issn         = {0003-486X},
  doi          = {10.2307/1969629},
  url          = {http://www.ams.org/mathscinet-getitem?mr=0066013},
  urldate      = {2017-04-03},
  keywords     = {characteristic classes,history,problem list},
  mrnumber     = {0066013},
  timestamp    = {2017-04-03T20:03:35Z},
}

@article{Kot2013,
  title = {Updates on {{Hirzebruch}}'s 1954 {{Problem List}}},
  url = {https://arxiv.org/abs/1305.4623},
  timestamp = {2017-05-06T15:41:34Z},
  author = {Kotschick, D.},
  date = {2013},
  keywords = {characteristic classes,complex geometry,history}
}

@article{Boo1962,
  title = {A Note on Homogeneous Complex Contact Manifolds},
  volume = {13},
  issn = {0002-9939},
  url = {http://www.ams.org/mathscinet-getitem?mr=0137126},
  doi = {10.2307/2034482},
  timestamp = {2017-04-03T20:11:46Z},
  journaltitle = {Proc. Amer. Math. Soc.},
  author = {Boothby, William M.},
  urldate = {2017-04-03},
  date = {1962},
  pages = {276--280},
  keywords = {contact structure,homogeneous spaces,representation theory},
  mrnumber = {0137126}
}

@incollection{Boo1961,
  title = {Homogeneous Complex Contact Manifolds},
  url = {http://www.ams.org/mathscinet-getitem?mr=0124863},
  timestamp = {2017-04-03T20:16:51Z},
  booktitle = {Proc. {{Sympos}}. {{Pure Math}}., {{Vol}}. {{III}}},
  publisher = {{American Mathematical Society, Providence, R. I.}},
  author = {Boothby, William M.},
  urldate = {2017-04-03},
  date = {1961},
  pages = {144--154},
  keywords = {contact structure,homogeneous spaces,representation theory},
  mrnumber = {0124863}
}

@article{Bry1985,
  title = {Lie Groups and Twistor Spaces},
  volume = {52},
  issn = {0012-7094},
  url = {http://www.ams.org/mathscinet-getitem?mr=791300},
  doi = {10.1215/S0012-7094-85-05213-5},
  timestamp = {2017-04-03T20:17:48Z},
  number = {1},
  journaltitle = {Duke Math. J.},
  author = {Bryant, Robert L.},
  urldate = {2017-04-03},
  date = {1985},
  pages = {223--261},
  keywords = {representation theory,symmetric spaces,twistor spaces},
  mrnumber = {791300}
}

@article{Bry2006,
  title = {On the Geometry of Almost Complex 6-Manifolds},
  volume = {10},
  issn = {1093-6106},
  url = {http://www.ams.org/mathscinet-getitem?mr=2253159},
  doi = {10.4310/AJM.2006.v10.n3.a4},
  timestamp = {2017-04-03T20:32:05Z},
  number = {3},
  journaltitle = {Asian J. Math.},
  author = {Bryant, Robert L.},
  urldate = {2017-04-03},
  date = {2006},
  pages = {561--605},
  keywords = {almost complex structure},
  mrnumber = {2253159}
}

@article{ES1985,
  title = {Twistorial Construction of Harmonic Maps of Surfaces into Four-Manifolds},
  volume = {12},
  issn = {0391-173X},
  url = {http://www.ams.org/mathscinet-getitem?mr=848842},
  timestamp = {2017-04-03T20:37:44Z},
  number = {4},
  journaltitle = {Ann. Scuola Norm. Sup. Pisa Cl. Sci. (4)},
  author = {Eells, J. and Salamon, S.},
  urldate = {2017-04-03},
  date = {1985},
  pages = {589--640 (1986)},
  keywords = {almost complex structure,twistor spaces},
  mrnumber = {848842}
}

@article{Gra1969,
  title = {A Note on Manifolds Whose Holonomy Group Is a Subgroup of \$$\backslash$rm {{Sp}}(n)$\backslash$cdot $\backslash$rm {{Sp}}(1)\$},
  volume = {16},
  issn = {0026-2285},
  url = {http://www.ams.org/mathscinet-getitem?mr=0244913},
  timestamp = {2017-04-03T20:38:24Z},
  journaltitle = {Michigan Math. J.},
  author = {Gray, Alfred},
  urldate = {2017-04-03},
  date = {1969},
  pages = {125--128},
  keywords = {almost complex structure,quaternionic Kähler structure,twistor spaces},
  mrnumber = {0244913}
}

@Article{Ish1974,
  author       = {Ishihara, Shigeru},
  title        = {Quaternion {{K{\"a}hlerian}} Manifolds},
  journaltitle = {J. Differential Geom.},
  date         = {1974},
  volume       = {9},
  pages        = {483--500},
  issn         = {0022-040X},
  url          = {http://www.ams.org/mathscinet-getitem?mr=0348687},
  urldate      = {2017-04-03},
  keywords     = {quaternionic Kähler structure},
  mrnumber     = {0348687},
  timestamp    = {2017-04-03T20:39:49Z},
}

@article{Kra1966,
  title = {Topology of Quaternionic Manifolds},
  volume = {122},
  issn = {0002-9947},
  url = {http://www.ams.org/mathscinet-getitem?mr=0192513},
  doi = {10.2307/1994553},
  timestamp = {2017-04-03T20:44:14Z},
  journaltitle = {Trans. Amer. Math. Soc.},
  author = {Kraines, Vivian Yoh},
  urldate = {2017-04-03},
  date = {1966},
  pages = {357--367},
  keywords = {cohomology ring,quaternionic Kähler structure},
  mrnumber = {0192513}
}

@article{LS1994,
  title = {Strong Rigidity of Positive Quaternion-{{K{\"a}hler}} Manifolds},
  volume = {118},
  issn = {0020-9910},
  url = {http://www.ams.org/mathscinet-getitem?mr=1288469},
  doi = {10.1007/BF01231528},
  timestamp = {2017-04-03T20:45:01Z},
  number = {1},
  journaltitle = {Invent. Math.},
  author = {LeBrun, Claude and Salamon, Simon},
  urldate = {2017-04-03},
  date = {1994},
  pages = {109--132},
  keywords = {quaternionic Kähler structure,twistor spaces},
  mrnumber = {1288469}
}

@Article{PS1991,
  author       = {Poon, Y. S. and Salamon, S. M.},
  title        = {Quaternionic {{K{\"a}hler}} {$8$}-Manifolds with Positive Scalar Curvature},
  journaltitle = {J. Differential Geom.},
  date         = {1991},
  volume       = {33},
  number       = {2},
  pages        = {363--378},
  issn         = {0022-040X},
  url          = {http://www.ams.org/mathscinet-getitem?mr=1094461},
  urldate      = {2017-04-03},
  keywords     = {quaternionic Kähler structure,symmetric spaces,twistor spaces},
  mrnumber     = {1094461},
  timestamp    = {2017-04-03T20:49:48Z},
}

@Article{Sal1986,
  author       = {Salamon, S. M.},
  title        = {Differential Geometry of Quaternionic Manifolds},
  journaltitle = {Ann. Sci. {\' E}c. Norm. Sup{\' e}r (4)},
  date         = {1986},
  volume       = {19},
  number       = {1},
  pages        = {31--55},
  issn         = {0012-9593},
  url          = {http://www.ams.org/mathscinet-getitem?mr=860810},
  urldate      = {2017-04-03},
  keywords     = {quaternionic Kähler structure,representation theory,twistor spaces},
  mrnumber     = {860810},
  timestamp    = {2017-04-03T20:50:44Z},
}

@incollection{Sal1985,
  title = {Harmonic and Holomorphic Maps},
  volume = {1164},
  url = {http://www.ams.org/mathscinet-getitem?mr=829230},
  timestamp = {2017-04-03T20:56:25Z},
  booktitle = {Geometry Seminar ``{{Luigi Bianchi}}'' {{II}}\textemdash{}1984},
  series = {Lecture Notes in Math.},
  publisher = {{Springer, Berlin}},
  author = {Salamon, Simon},
  urldate = {2017-04-03},
  date = {1985},
  pages = {161--224},
  keywords = {almost complex structure,quaternionic Kähler structure,twistor spaces},
  mrnumber = {829230},
  doi = {10.1007/BFb0081912}
}

@article{Sal1982,
  title = {Quaternionic {{K{\"a}hler}} Manifolds},
  volume = {67},
  issn = {0020-9910},
  url = {http://www.ams.org/mathscinet-getitem?mr=664330},
  doi = {10.1007/BF01393378},
  timestamp = {2017-04-03T20:57:12Z},
  number = {1},
  journaltitle = {Invent. Math.},
  author = {Salamon, Simon},
  urldate = {2017-04-03},
  date = {1982},
  pages = {143--171},
  keywords = {quaternionic Kähler structure,twistor spaces},
  mrnumber = {664330}
}

@incollection{Sal1999,
  title = {Quaternion-{{K{\"a}hler}} Geometry},
  volume = {6},
  url = {http://www.ams.org/mathscinet-getitem?mr=1798608},
  timestamp = {2017-04-03T20:58:44Z},
  booktitle = {Surveys in Differential Geometry: Essays on {{Einstein}} Manifolds},
  series = {Surv. Differ. Geom.},
  publisher = {{Int. Press, Boston, MA}},
  author = {Salamon, S. M.},
  urldate = {2017-04-03},
  date = {1999},
  pages = {83--121},
  keywords = {almost complex structure,quaternionic Kähler structure,symmetric spaces,twistor spaces},
  mrnumber = {1798608},
  doi = {10.4310/SDG.2001.v6.n1.a5}
}

@article{Swa1991,
  title = {Hyper-{{K{\"a}hler}} and Quaternionic {{K{\"a}hler}} Geometry},
  volume = {289},
  issn = {0025-5831},
  url = {http://www.ams.org/mathscinet-getitem?mr=1096180},
  doi = {10.1007/BF01446581},
  timestamp = {2017-04-03T21:00:35Z},
  number = {3},
  journaltitle = {Math. Ann.},
  author = {Swann, Andrew},
  urldate = {2017-04-03},
  date = {1991},
  pages = {421--450},
  keywords = {almost complex structure,hyper-Kähler structure,quaternionic Kähler structure,twistor spaces},
  mrnumber = {1096180}
}

@article{Wol1965,
  title = {Complex Homogeneous Contact Manifolds and Quaternionic Symmetric Spaces},
  volume = {14},
  url = {http://www.ams.org/mathscinet-getitem?mr=0185554},
  timestamp = {2017-04-03T21:01:25Z},
  journaltitle = {J. Math. Mech.},
  author = {Wolf, Joseph A.},
  urldate = {2017-04-03},
  date = {1965},
  pages = {1033--1047},
  keywords = {contact structure,quaternionic Kähler structure,symmetric spaces,Wolf spaces},
  mrnumber = {0185554}
}

@Article{WG1968,
  author       = {Wolf, Joseph A. and Gray, Alfred},
  title        = {Homogeneous Spaces Defined by {{Lie}} Group Automorphisms. {{II}}},
  journaltitle = {J. Differential Geom.},
  date         = {1968},
  volume       = {2},
  number       = {2},
  pages        = {115--159},
  issn         = {0022-040X},
  doi          = {10.4310/jdg/1214428252},
  url          = {http://projecteuclid.org/euclid.jdg/1214428252},
  urldate      = {2017-04-03},
  abstract     = {Project Euclid - mathematics and statistics online},
  keywords     = {3-symmetric spaces,almost complex structure,homogeneous spaces,nearly Kähler structure,symmetric spaces},
  langid       = {english},
  mrnumber     = {MR0236329},
  timestamp    = {2017-04-03T21:02:34Z},
  zmnumber     = {0182.24702},
}

@Article{WG1968a,
  author       = {Wolf, Joseph A. and Gray, Alfred},
  title        = {Homogeneous Spaces Defined by {{Lie}} Group Automorphisms. {{I}}},
  journaltitle = {J. Differential Geom.},
  date         = {1968},
  volume       = {2},
  number       = {1},
  pages        = {77--114},
  issn         = {0022-040X},
  doi          = {10.4310/jdg/1214501139},
  url          = {http://projecteuclid.org/euclid.jdg/1214501139},
  urldate      = {2017-04-03},
  abstract     = {Project Euclid - mathematics and statistics online},
  keywords     = {3-symmetric spaces,almost complex structure,homogeneous spaces,nearly Kähler structure,symmetric spaces},
  langid       = {english},
  mrnumber     = {MR0236328},
  timestamp    = {2017-04-03T21:02:53Z},
  zmnumber     = {0169.24103},
}

@article{Wol1968,
  title = {The Geometry and Structure of Isotropy Irreducible Homogeneous Spaces},
  volume = {120},
  issn = {0001-5962},
  url = {http://www.ams.org/mathscinet-getitem?mr=0223501},
  doi = {10.1007/BF02394607},
  timestamp = {2017-04-03T21:05:19Z},
  journaltitle = {Acta Math.},
  author = {Wolf, Joseph A.},
  urldate = {2017-04-03},
  date = {1968},
  pages = {59--148},
  keywords = {Einstein metrics,homogeneous spaces,representation theory},
  mrnumber = {0223501}
}

@Article{GH1980,
  author       = {Gray, Alfred and Hervella, Luis M.},
  title        = {The Sixteen Classes of Almost {{Hermitian}} Manifolds and Their Linear Invariants},
  journaltitle = {Ann. Mat. Pura Appl. (4)},
  date         = {1980},
  volume       = {123},
  pages        = {35--58},
  issn         = {0003-4622},
  doi          = {10.1007/BF01796539},
  url          = {http://www.ams.org/mathscinet-getitem?mr=581924},
  urldate      = {2017-04-03},
  keywords     = {almost complex structure,nearly Kähler structure,quaternionic Kähler structure},
  mrnumber     = {581924},
  timestamp    = {2017-04-03T21:06:09Z},
}

@Article{Gra1972,
  author       = {Gray, Alfred},
  title        = {Riemannian Manifolds with Geodesic Symmetries of Order \$3\$},
  journaltitle = {J. Differential Geom.},
  date         = {1972},
  volume       = {7},
  pages        = {343--369},
  issn         = {0022-040X},
  url          = {http://www.ams.org/mathscinet-getitem?mr=0331281},
  urldate      = {2017-04-03},
  keywords     = {3-symmetric spaces,almost complex structure,nearly Kähler structure},
  mrnumber     = {0331281},
  timestamp    = {2017-04-03T21:06:47Z},
}

@Article{Hir2005,
  author       = {Hirzebruch, Friedrich},
  title        = {The Projective Tangent Bundles of a Complex Three-Fold},
  journaltitle = {Pure Appl. Math. Q.},
  date         = {2005},
  volume       = {1},
  pages        = {441--448},
  issn         = {1558-8599},
  doi          = {10.4310/PAMQ.2005.v1.n3.a2},
  url          = {http://www.ams.org/mathscinet-getitem?mr=2201324},
  urldate      = {2017-04-03},
  keywords     = {almost complex structure,characteristic classes,twistor spaces},
  mrnumber     = {2201324},
  timestamp    = {2017-04-03T21:09:44Z},
}

@book{Huy2005,
  title = {Complex Geometry},
  isbn = {978-3-540-21290-4},
  url = {http://www.ams.org/mathscinet-getitem?mr=2093043},
  pagetotal = {xii+309},
  timestamp = {2017-04-03T21:10:33Z},
  series = {Universitext},
  publisher = {{Springer-Verlag, Berlin}},
  author = {Huybrechts, Daniel},
  urldate = {2017-04-03},
  date = {2005},
  keywords = {complex geometry,textbook},
  mrnumber = {2093043}
}

@article{Kob1959,
  title = {Remarks on Complex Contact Manifolds},
  volume = {10},
  issn = {0002-9939},
  url = {http://www.ams.org/mathscinet-getitem?mr=0111061},
  doi = {10.2307/2032906},
  timestamp = {2017-04-03T21:12:01Z},
  journaltitle = {Proc. Amer. Math. Soc.},
  author = {Kobayashi, Shoshichi},
  urldate = {2017-04-03},
  date = {1959},
  pages = {164--167},
  keywords = {contact structure},
  mrnumber = {0111061}
}

@article{KO1973,
  title = {Characterizations of Complex Projective Spaces and Hyperquadrics},
  volume = {13},
  issn = {0023-608X},
  url = {http://www.ams.org/mathscinet-getitem?mr=0316745},
  doi = {10.1215/kjm/1250523432},
  timestamp = {2017-04-03T21:12:51Z},
  journaltitle = {J. Math. Kyoto Univ.},
  author = {Kobayashi, Shoshichi and Ochiai, Takushiro},
  urldate = {2017-04-03},
  date = {1973},
  pages = {31--47},
  keywords = {characteristic classes,complex geometry,uniqueness of complex structure},
  mrnumber = {0316745}
}

@article{SW2004,
  title = {An Upper Bound for a {{Hilbert}} Polynomial on Quaternionic {{K{\"a}hler}} Manifolds},
  volume = {14},
  issn = {1050-6926},
  url = {http://www.ams.org/mathscinet-getitem?mr=2030579},
  doi = {10.1007/BF02921870},
  timestamp = {2017-04-03T21:49:56Z},
  number = {1},
  journaltitle = {J. Geom. Anal.},
  author = {Semmelmann, Uwe and Weingart, Gregor},
  urldate = {2017-04-03},
  date = {2004},
  pages = {151--170},
  keywords = {characteristic classes,quaternionic Kähler structure,twistor spaces},
  mrnumber = {2030579}
}

@article{Nag2002a,
  title = {Nearly {{K{\"a}hler}} Geometry and {{Riemannian}} Foliations},
  volume = {6},
  issn = {1093-6106},
  url = {http://www.ams.org/mathscinet-getitem?mr=1946344},
  doi = {10.4310/AJM.2002.v6.n3.a5},
  timestamp = {2017-04-04T14:02:04Z},
  number = {3},
  journaltitle = {Asian J. Math.},
  author = {Nagy, Paul-Andi},
  urldate = {2017-04-04},
  date = {2002},
  pages = {481--504},
  keywords = {almost complex structure,holonomy,nearly Kähler structure,twistor spaces},
  mrnumber = {1946344}
}

@Article{BS1955,
  author       = {Bott, R. and Samelson, H.},
  title        = {The Cohomology Ring of \${{G}}/{{T}}\$},
  journaltitle = {Proc. Nat. Acad. Sci. USA},
  date         = {1955},
  volume       = {41},
  pages        = {490--493},
  issn         = {0027-8424},
  url          = {http://www.ams.org/mathscinet-getitem?mr=0071773},
  urldate      = {2017-04-04},
  keywords     = {cohomology ring,homogeneous spaces},
  mrnumber     = {0071773},
  timestamp    = {2017-04-04T15:36:16Z},
}

@Article{LW1990,
  author       = {Libgober, Anatoly S. and Wood, John W.},
  title        = {Uniqueness of the Complex Structure on {{K{\"a}hler}} Manifolds of Certain Homotopy Types},
  journaltitle = {J. Differential Geom.},
  date         = {1990},
  volume       = {32},
  number       = {1},
  pages        = {139--154},
  issn         = {0022-040X},
  url          = {http://www.ams.org/mathscinet-getitem?mr=1064869},
  urldate      = {2017-04-06},
  keywords     = {complex geometry,Kaehler structure,uniqueness of complex structure},
  mrnumber     = {1064869},
  timestamp    = {2017-04-06T11:03:38Z},
}

@Article{WZ1985,
  author       = {Wang, McKenzie Y. and Ziller, Wolfgang},
  title        = {On Normal Homogeneous {{Einstein}} Manifolds},
  journaltitle = {Ann. Sci. {\' E}c. Norm. Sup{\' e}r (4)},
  date         = {1985},
  volume       = {18},
  number       = {4},
  pages        = {563--633},
  issn         = {0012-9593},
  url          = {http://www.ams.org/mathscinet-getitem?mr=839687},
  urldate      = {2017-04-06},
  keywords     = {Einstein metrics,homogeneous spaces},
  mrnumber     = {839687},
  timestamp    = {2017-04-06T11:50:50Z},
}

@Article{AP1986,
  author       = {Alekseevski{\u\i}, D. V. and Perelomov, A. M.},
  title        = {Invariant {{K{\"a}hler}}-{{Einstein}} Metrics on Compact Homogeneous Spaces},
  journaltitle = {Funktsional. Anal. i Prilozhen.},
  date         = {1986},
  volume       = {20},
  number       = {3},
  pages        = {1--16, 96},
  issn         = {0374-1990},
  url          = {http://www.ams.org/mathscinet-getitem?mr=868557},
  urldate      = {2017-04-06},
  keywords     = {Einstein metrics,homogeneous spaces},
  mrnumber     = {868557},
  timestamp    = {2017-07-07T11:10:15Z},
}

@article{Wan1954,
  title = {Closed Manifolds with Homogeneous Complex Structure},
  volume = {76},
  issn = {0002-9327},
  url = {http://www.ams.org/mathscinet-getitem?mr=0066011},
  doi = {10.2307/2372397},
  timestamp = {2017-04-06T16:57:04Z},
  journaltitle = {Amer. J. Math.},
  author = {Wang, Hsien-Chung},
  urldate = {2017-04-06},
  date = {1954},
  pages = {1--32},
  keywords = {almost complex structure,homogeneous spaces},
  mrnumber = {0066011}
}

@article{WZ1986a,
  title = {Existence and Nonexistence of Homogeneous {{Einstein}} Metrics},
  volume = {84},
  issn = {0020-9910},
  url = {http://www.ams.org/mathscinet-getitem?mr=830044},
  doi = {10.1007/BF01388738},
  timestamp = {2017-05-03T14:01:00Z},
  number = {1},
  journaltitle = {Invent. Math.},
  author = {Wang, McKenzie Y. and Ziller, Wolfgang},
  urldate = {2017-04-06},
  date = {1986},
  pages = {177--194},
  keywords = {Einstein metrics,homogeneous spaces},
  mrnumber = {830044}
}

@Book{Arv2003,
  author    = {Arvanitoyeorgos, Andreas},
  title     = {An Introduction to {{Lie}} Groups and the Geometry of Homogeneous Spaces},
  date      = {2003},
  volume    = {22},
  series    = {Student Mathematical Library},
  publisher = {{American Mathematical Society, Providence, RI}},
  isbn      = {978-0-8218-2778-9},
  pagetotal = {xvi+141},
  doi       = {10.1090/stml/022},
  url       = {http://www.ams.org/mathscinet-getitem?mr=2011126},
  urldate   = {2017-04-06},
  keywords  = {flag manifolds,homogeneous spaces,representation theory,textbook},
  mrnumber  = {2011126},
  timestamp = {2017-04-06T21:52:45Z},
}

@book{Pet2016,
  edition = {Third},
  title = {Riemannian Geometry},
  volume = {171},
  isbn = {978-3-319-26652-7 978-3-319-26654-1},
  url = {http://www.ams.org/mathscinet-getitem?mr=3469435},
  pagetotal = {xviii+499},
  timestamp = {2017-04-07T12:42:55Z},
  series = {Graduate Texts in Mathematics},
  publisher = {{Springer, Cham}},
  author = {Petersen, Peter},
  urldate = {2017-04-07},
  date = {2016},
  keywords = {Riemannian geometry,textbook},
  mrnumber = {3469435},
  doi = {10.1007/978-3-319-26654-1}
}

@Article{MS1939,
  author       = {Myers, S. B. and Steenrod, N. E.},
  title        = {The Group of Isometries of a {{Riemannian}} Manifold},
  journaltitle = {Ann. of Math. (2)},
  date         = {1939},
  volume       = {40},
  number       = {2},
  pages        = {400--416},
  issn         = {0003-486X},
  doi          = {10.2307/1968928},
  url          = {http://www.ams.org/mathscinet-getitem?mr=1503467},
  urldate      = {2017-04-07},
  keywords     = {classic papers,Riemannian geometry},
  mrnumber     = {1503467},
  timestamp    = {2017-04-07T12:43:46Z},
}

@book{KN1969,
  title = {Foundations of Differential Geometry. {{Vol}}. {{II}}},
  url = {http://www.ams.org/mathscinet-getitem?mr=0238225},
  pagetotal = {xv+470},
  timestamp = {2017-04-22T17:46:59Z},
  series = {Interscience Tracts in Pure and Applied Mathematics, No. 15 Vol. II},
  publisher = {{Interscience Publishers John Wiley \& Sons, Inc., New York-London-Sydney}},
  author = {Kobayashi, Shoshichi and Nomizu, Katsumi},
  urldate = {2017-04-22},
  date = {1969},
  keywords = {differential geometry,textbook},
  mrnumber = {0238225}
}

@Book{Bes2008,
  author    = {Besse, Arthur L.},
  title     = {Einstein Manifolds},
  date      = {1987},
  series    = {Classics in Mathematics},
  publisher = {{Springer-Verlag, Berlin}},
  isbn      = {978-3-540-74120-6},
  pagetotal = {xii+516},
  url       = {http://www.ams.org/mathscinet-getitem?mr=2371700},
  urldate   = {2017-04-22},
  keywords  = {differential geometry,Einstein metrics,textbook},
  mrnumber  = {2371700},
  timestamp = {2017-04-22T19:34:38Z},
}

@book{Bt1995,
  title = {Representations of Compact {{Lie}} Groups},
  volume = {98},
  isbn = {978-0-387-13678-3},
  url = {http://www.ams.org/mathscinet-getitem?mr=1410059},
  pagetotal = {x+313},
  timestamp = {2017-04-22T19:38:04Z},
  series = {Graduate Texts in Mathematics},
  publisher = {{Springer-Verlag, New York}},
  author = {Br{\"o}cker, Theodor and tom Dieck, Tammo},
  urldate = {2017-04-22},
  date = {1995},
  keywords = {representation theory,textbook},
  options = {useprefix=true},
  mrnumber = {1410059}
}

@book{Hum1972,
  title = {Introduction to {{Lie}} Algebras and Representation Theory},
  url = {http://www.ams.org/mathscinet-getitem?mr=0323842},
  pagetotal = {xii+169},
  timestamp = {2017-04-23T16:04:46Z},
  publisher = {{Springer-Verlag, New York-Berlin}},
  author = {Humphreys, James E.},
  urldate = {2017-04-23},
  date = {1972},
  keywords = {representation theory,textbook},
  mrnumber = {0323842}
}

@article{DK2008,
  title = {The Geometry of Compact Homogeneous Spaces with Two Isotropy Summands},
  volume = {34},
  issn = {0232-704X},
  url = {http://www.ams.org/mathscinet-getitem?mr=2447903},
  doi = {10.1007/s10455-008-9109-9},
  timestamp = {2017-04-24T20:14:59Z},
  number = {4},
  journaltitle = {Ann. Global Anal. Geom.},
  author = {Dickinson, William and Kerr, Megan M.},
  urldate = {2017-04-24},
  date = {2008},
  pages = {329--350},
  keywords = {Einstein metrics,homogeneous spaces},
  mrnumber = {2447903}
}

@article{BWZ2004,
  title = {A Variational Approach for Compact Homogeneous {{Einstein}} Manifolds},
  volume = {14},
  issn = {1016-443X},
  url = {http://www.ams.org/mathscinet-getitem?mr=2084976},
  doi = {10.1007/s00039-004-0471-x},
  timestamp = {2017-04-24T20:15:25Z},
  number = {4},
  journaltitle = {Geom. Funct. Anal.},
  author = {B{\"o}hm, C. and Wang, M. and Ziller, W.},
  urldate = {2017-04-24},
  date = {2004},
  pages = {681--733},
  keywords = {Einstein metrics,homogeneous spaces},
  mrnumber = {2084976}
}

@article{Ker1996,
  title = {Some New Homogeneous {{Einstein}} Metrics on Symmetric Spaces},
  volume = {348},
  issn = {0002-9947},
  url = {http://www.ams.org/mathscinet-getitem?mr=1327258},
  doi = {10.1090/S0002-9947-96-01512-7},
  timestamp = {2017-04-24T21:51:33Z},
  number = {1},
  journaltitle = {Trans. Amer. Math. Soc.},
  author = {Kerr, Megan M.},
  urldate = {2017-04-24},
  date = {1996},
  pages = {153--171},
  keywords = {Einstein metrics,homogeneous spaces,symmetric spaces},
  mrnumber = {1327258}
}

@article{PS1997,
  title = {Invariant {{Einstein}} Metrics on Certain Homogeneous Spaces},
  volume = {20},
  issn = {0387-3870},
  url = {http://www.ams.org/mathscinet-getitem?mr=1451858},
  doi = {10.3836/tjm/1270042398},
  timestamp = {2017-04-24T21:55:48Z},
  number = {1},
  journaltitle = {Tokyo J. Math.},
  author = {Park, Joon-Sik and Sakane, Yusuke},
  urldate = {2017-04-24},
  date = {1997},
  pages = {51--61},
  keywords = {Einstein metrics,homogeneous spaces},
  mrnumber = {1451858}
}

@InCollection{Kim1990,
  author    = {Kimura, Masahiro},
  title     = {Homogeneous {{Einstein}} Metrics on Certain {{K{\"a}hler}} {$C$}-Spaces},
  booktitle = {Recent Topics in Differential and Analytic Geometry},
  date      = {1990},
  volume    = {18},
  series    = {Adv. Stud. Pure Math.},
  publisher = {{Academic Press, Boston, MA}},
  pages     = {303--320},
  url       = {http://www.ams.org/mathscinet-getitem?mr=1145261},
  urldate   = {2017-04-24},
  keywords  = {Einstein metrics,flag manifolds,homogeneous spaces},
  mrnumber  = {1145261},
  timestamp = {2017-04-24T22:32:24Z},
}

@Article{ACS2013a,
  author       = {Arvanitoyeorgos, Andreas and Chrysikos, Ioannis and Sakane, Yusuke},
  title        = {Homogeneous {{Einstein}} Metrics on Generalized Flag Manifolds with Five Isotropy Summands},
  journaltitle = {Internat. J. Math.},
  date         = {2013},
  volume       = {24},
  number       = {10},
  issue        = {1350077},
  pages        = {1--52},
  issn         = {0129-167X},
  doi          = {10.1142/S0129167X13500778},
  url          = {http://www.ams.org/mathscinet-getitem?mr=3125847},
  urldate      = {2017-04-25},
  keywords     = {Einstein metrics,flag manifolds,homogeneous spaces,Kaehler-Einstein metrics},
  mrnumber     = {3125847},
  timestamp    = {2017-04-25T11:23:09Z},
}

@article{Arv1993,
  title = {New Invariant {{Einstein}} Metrics on Generalized Flag Manifolds},
  volume = {337},
  issn = {0002-9947},
  url = {http://www.ams.org/mathscinet-getitem?mr=1097162},
  doi = {10.2307/2154253},
  timestamp = {2017-04-25T17:58:53Z},
  number = {2},
  journaltitle = {Trans. Amer. Math. Soc.},
  author = {Arvanitoyeorgos, Andreas},
  urldate = {2017-04-25},
  date = {1993},
  pages = {981--995},
  keywords = {Einstein metrics,flag manifolds,homogeneous spaces,Kaehler-Einstein metrics},
  mrnumber = {1097162}
}

@Article{Bor1954,
  author       = {Borel, Armand},
  title        = {K{\"a}hlerian Coset Spaces of Semisimple {{Lie}} Groups},
  journaltitle = {Proc. Nat. Acad. Sci. USA},
  date         = {1954},
  volume       = {40},
  pages        = {1147--1151},
  issn         = {0027-8424},
  url          = {http://www.ams.org/mathscinet-getitem?mr=0077878},
  urldate      = {2017-04-25},
  keywords     = {homogeneous spaces,Kaehler structure,symmetric spaces},
  mrnumber     = {0077878},
  timestamp    = {2017-04-25T20:02:16Z},
}

@article{AC2011,
  title = {Invariant {{Einstein}} Metrics on Generalized Flag Manifolds with Two Isotropy Summands},
  volume = {90},
  issn = {1446-7887},
  url = {http://www.ams.org/mathscinet-getitem?mr=2821781},
  doi = {10.1017/S1446788711001303},
  timestamp = {2017-04-25T20:34:26Z},
  number = {2},
  journaltitle = {J. Aust. Math. Soc.},
  author = {Arvanitoyeorgos, Andreas and Chrysikos, Ioannis},
  urldate = {2017-04-25},
  date = {2011},
  pages = {237--251},
  keywords = {Einstein metrics,flag manifolds,homogeneous spaces,Kaehler-Einstein metrics},
  mrnumber = {2821781}
}

@article{Bae2002,
  title = {The Octonions},
  volume = {39},
  issn = {0273-0979, 1088-9485},
  url = {http://www.ams.org/bull/2002-39-02/S0273-0979-01-00934-X/},
  doi = {10.1090/S0273-0979-01-00934-X},
  abstract = {The octonions are the largest of the four normed division algebras. While somewhat neglected due to their nonassociativity, they stand at the crossroads of many interesting fields of mathematics. Here we describe them and their relation to Clifford algebras and spinors, Bott periodicity, projective and Lorentzian geometry, Jordan algebras, and the exceptional Lie groups. We also touch upon their applications in quantum logic, special relativity and supersymmetry.},
  timestamp = {2017-04-26T12:16:46Z},
  number = {2},
  journaltitle = {Bull. Amer. Math. Soc.},
  author = {Baez, John},
  urldate = {2017-04-26},
  date = {2002},
  pages = {145--205},
  keywords = {G2}
}

@Article{Car1914,
  author       = {Cartan, Elie},
  title        = {Les groupes r{\'e}els simples, finis et continus},
  journaltitle = {Ann. Sci. {\' E}c. Norm. Sup{\' e}r (4)},
  date         = {1914},
  volume       = {31},
  pages        = {263--355},
  issn         = {0012-9593},
  url          = {https://eudml.org/doc/81342},
  urldate      = {2017-04-26},
  keywords     = {G2,representation theory},
  langid       = {french},
  timestamp    = {2017-04-26T12:56:28Z},
}

@InCollection{Che1965,
  author    = {Chern, Shiing-shen},
  title     = {Minimal Surfaces in an {{Euclidean}} Space of {$N$} Dimensions},
  booktitle = {Differential and {{Combinatorial Topology}} ({{A Symposium}} in {{Honor}} of {{Marston Morse}})},
  date      = {1965},
  publisher = {{Princeton Univ. Press, Princeton, N.J.}},
  pages     = {187--198},
  url       = {http://www.ams.org/mathscinet-getitem?mr=0180926},
  urldate   = {2017-04-29},
  keywords  = {complex geometry,differential geometry},
  mrnumber  = {0180926},
  timestamp = {2017-04-29T22:12:55Z},
}

@Article{Bry1982,
  author       = {Bryant, Robert L.},
  title        = {Submanifolds and Special Structures on the Octonians},
  journaltitle = {J. Differential Geom.},
  date         = {1982},
  volume       = {17},
  number       = {2},
  pages        = {185--232},
  issn         = {0022-040X},
  url          = {http://www.ams.org/mathscinet-getitem?mr=664494},
  urldate      = {2017-04-30},
  keywords     = {almost complex structure,G2},
  mrnumber     = {664494},
  timestamp    = {2017-04-30T20:59:45Z},
}

@Article{EL1951,
  author       = {Ehresmann, Charles and Libermann, Paulette},
  title        = {Sur les structures presque hermitiennes isotropes},
  journaltitle = {C. R. Acad. Sci. Paris},
  date         = {1951},
  volume       = {232},
  pages        = {1281--1283},
  url          = {http://www.ams.org/mathscinet-getitem?mr=0040790},
  urldate      = {2017-04-30},
  keywords     = {almost complex structure},
  mrnumber     = {0040790},
  timestamp    = {2017-04-30T21:16:33Z},
}

@article{Tak1978,
  title = {Homogeneous {{K{\"a}hler}} Submanifolds in Complex Projective Spaces},
  volume = {4},
  url = {http://www.ams.org/mathscinet-getitem?mr=528871},
  timestamp = {2017-05-04T14:08:09Z},
  number = {1},
  journaltitle = {Japan. J. Math. (N.S.)},
  author = {Takeuchi, Masaru},
  urldate = {2017-05-04},
  date = {1978},
  pages = {171--219},
  keywords = {Einstein metrics,flag manifolds,Kaehler structure},
  mrnumber = {528871}
}

@Article{Kos1955,
  author       = {Koszul, J. L.},
  title        = {Sur la forme hermitienne canonique des espaces homog{\`e}nes complexes},
  journaltitle = {Canad. J. Math.},
  date         = {1955},
  volume       = {7},
  pages        = {562--576},
  issn         = {0008-414X},
  doi          = {10.4153/CJM-1955-061-3},
  url          = {http://www.ams.org/mathscinet-getitem?mr=0077879},
  urldate      = {2017-05-04},
  keywords     = {Einstein metrics,homogeneous spaces,Kaehler structure},
  mrnumber     = {0077879},
  timestamp    = {2017-05-04T22:44:05Z},
}

@Article{Mat1957,
  author       = {Matsushima, Yoz{\^o}},
  title        = {Sur les espaces homog{\`e}nes k{\"a}hl{\'e}riens d'un groupe de {{Lie}} r{\'e}ductif},
  journaltitle = {Nagoya Math. J.},
  date         = {1957},
  volume       = {11},
  pages        = {53--60},
  issn         = {0027-7630},
  url          = {http://www.ams.org/mathscinet-getitem?mr=0087177},
  urldate      = {2017-05-08},
  keywords     = {Einstein metrics,homogeneous spaces,Kaehler structure},
  mrnumber     = {0087177},
  timestamp    = {2017-05-08T11:04:45Z},
}

@article{Got1954,
  title = {On Algebraic Homogeneous Spaces},
  volume = {76},
  issn = {0002-9327},
  url = {http://www.ams.org/mathscinet-getitem?mr=0066396},
  doi = {10.2307/2372654},
  timestamp = {2017-05-09T17:02:13Z},
  journaltitle = {Amer. J. Math.},
  author = {Goto, Morikuni},
  urldate = {2017-05-09},
  date = {1954},
  pages = {811--818},
  mrnumber = {0066396}
}

@article{BR1961,
  title = {{\"U}ber Kompakte Homogene {{K{\"a}hlersche Mannigfaltigkeiten}}},
  volume = {145},
  issn = {0025-5831},
  url = {http://www.ams.org/mathscinet-getitem?mr=0145557},
  doi = {10.1007/BF01471087},
  timestamp = {2017-05-09T17:02:16Z},
  journaltitle = {Math. Ann.},
  author = {Borel, A. and Remmert, R.},
  urldate = {2017-05-09},
  date = {1961/1962},
  pages = {429--439},
  mrnumber = {0145557}
}

@Article{Smy1967,
  author       = {Smyth, Brian},
  title        = {Differential Geometry of Complex Hypersurfaces},
  journaltitle = {Ann. of Math. (2)},
  date         = {1967},
  volume       = {85},
  pages        = {246--266},
  issn         = {0003-486X},
  doi          = {10.2307/1970441},
  url          = {http://www.ams.org/mathscinet-getitem?mr=0206881},
  urldate      = {2017-05-10},
  keywords     = {Einstein metrics,Kaehler-Einstein metrics,Kaehler structure},
  mrnumber     = {0206881},
  timestamp    = {2017-05-10T16:04:51Z},
}

@article{Han1975,
  title = {Einstein Complete Intersections in Complex Projective Space},
  volume = {216},
  issn = {0025-5831},
  url = {http://www.ams.org/mathscinet-getitem?mr=0382704},
  doi = {10.1007/BF01430959},
  timestamp = {2017-05-10T16:57:16Z},
  number = {3},
  journaltitle = {Math. Ann.},
  author = {Hano, Jun-ichi},
  urldate = {2017-05-10},
  date = {1975},
  pages = {197--208},
  keywords = {Einstein metrics,Kaehler-Einstein metrics,Kaehler structure},
  mrnumber = {0382704}
}

@Article{Bri1964,
  author       = {Brieskorn, Egbert},
  title        = {Ein {{Satz}} {\"u}ber die komplexen {{Quadriken}}},
  journaltitle = {Math. Ann.},
  date         = {1964},
  volume       = {155},
  pages        = {184--193},
  issn         = {0025-5831},
  doi          = {10.1007/BF01344158},
  url          = {http://www.ams.org/mathscinet-getitem?mr=0167992},
  urldate      = {2017-05-10},
  keywords     = {Kaehler structure,uniqueness of complex structure},
  mrnumber     = {0167992},
  timestamp    = {2017-05-10T17:53:07Z},
}

@book{BT1982,
  title = {Differential Forms in Algebraic Topology},
  volume = {82},
  isbn = {978-0-387-90613-3},
  url = {http://www.ams.org/mathscinet-getitem?mr=658304},
  pagetotal = {xiv+331},
  timestamp = {2017-05-11T09:16:56Z},
  series = {Graduate Texts in Mathematics},
  publisher = {{Springer-Verlag, New York-Berlin}},
  author = {Bott, Raoul and Tu, Loring W.},
  urldate = {2017-05-11},
  date = {1982},
  keywords = {algebraic topology,differential geometry,textbook},
  mrnumber = {658304}
}

@book{Hat2002,
  title = {Algebraic Topology},
  isbn = {978-0-521-79160-1 978-0-521-79540-1},
  url = {http://www.ams.org/mathscinet-getitem?mr=1867354},
  pagetotal = {xii+544},
  timestamp = {2017-05-11T09:20:37Z},
  publisher = {{Cambridge University Press, Cambridge}},
  author = {Hatcher, Allen},
  urldate = {2017-05-11},
  date = {2002},
  keywords = {algebraic topology,textbook},
  mrnumber = {1867354}
}

@article{Gro1958,
  title = {La Th{\'e}orie Des Classes de {{Chern}}},
  volume = {86},
  issn = {0037-9484},
  url = {http://www.ams.org/mathscinet-getitem?mr=0116023},
  timestamp = {2017-05-11T09:54:23Z},
  journaltitle = {Bull. Soc. Math. France},
  author = {Grothendieck, Alexander},
  urldate = {2017-05-11},
  date = {1958},
  pages = {137--154},
  keywords = {algebraic geometry,algebraic topology,classic papers},
  mrnumber = {0116023}
}

@article{IT1977,
  title = {On the Cohomology of Irreducible Symmetric Spaces of Exceptional Type},
  volume = {17},
  issn = {0023-608X},
  url = {http://www.ams.org/mathscinet-getitem?mr=0442958},
  doi = {10.1215/kjm/1250522765},
  timestamp = {2017-05-12T07:40:27Z},
  number = {2},
  journaltitle = {J. Math. Kyoto Univ.},
  author = {Ishitoya, Kiminao and Toda, Hirosi},
  urldate = {2017-05-12},
  date = {1977},
  pages = {225--243},
  keywords = {algebraic topology,homogeneous spaces,spectral sequences,symmetric spaces},
  mrnumber = {0442958}
}

@Article{Bor1953,
  author       = {Borel, Armand},
  title        = {Sur la cohomologie des espaces fibr{\'e}s principaux et des espaces homog{\`e}nes de groupes de {{Lie}} compacts},
  journaltitle = {Ann. of Math. (2)},
  date         = {1953},
  volume       = {57},
  pages        = {115--207},
  issn         = {0003-486X},
  doi          = {10.2307/1969728},
  url          = {http://www.ams.org/mathscinet-getitem?mr=0051508},
  urldate      = {2017-05-12},
  keywords     = {algebraic topology,homogeneous spaces,spectral sequences},
  mrnumber     = {0051508},
  timestamp    = {2017-05-12T08:00:32Z},
}

@article{Sal1996,
  title = {On the Cohomology of {{K{\"a}hler}} and Hyper-{{K{\"a}hler}} Manifolds},
  volume = {35},
  issn = {0040-9383},
  url = {http://www.ams.org/mathscinet-getitem?mr=1367278},
  doi = {10.1016/0040-9383(95)00006-2},
  timestamp = {2017-05-12T22:18:08Z},
  number = {1},
  journaltitle = {Topology},
  author = {Salamon, S. M.},
  urldate = {2017-05-12},
  date = {1996},
  pages = {137--155},
  keywords = {complex geometry,hyper-Kähler structure,Kaehler structure},
  mrnumber = {1367278}
}

@Article{Deb2015,
  author        = {Debarre, Olivier},
  title         = {Cohomological Characterizations of the Complex Projective Space},
  date          = {2015},
  eprint        = {1512.04321},
  eprinttype    = {arxiv},
  url           = {http://arxiv.org/abs/1512.04321},
  urldate       = {2017-05-22},
  abstract      = {In this survey, we discuss whether the complex projective space can be characterized by its integral cohomology ring among compact complex manifolds.},
  archiveprefix = {arXiv},
  keywords      = {expository,uniqueness of Kähler structure},
  primaryclass  = {math},
  timestamp     = {2017-05-22T11:55:11Z},
}

@Article{Yau1977,
  author       = {Yau, Shing Tung},
  title        = {Calabi's Conjecture and Some New Results in Algebraic Geometry},
  journaltitle = {Proc. Nat. Acad. Sci. USA},
  date         = {1977},
  volume       = {74},
  number       = {5},
  pages        = {1798--1799},
  issn         = {0027-8424},
  url          = {http://www.ams.org/mathscinet-getitem?mr=0451180},
  urldate      = {2017-05-22},
  keywords     = {classic papers,Kähler-Einstein metrics,Kähler structure,uniqueness of Kähler structure},
  mrnumber     = {0451180},
  timestamp    = {2017-05-22T12:27:55Z},
}

@article{Buc1999,
  title = {On Compact {{K{\"a}hler}} Surfaces},
  volume = {49},
  issn = {0373-0956},
  url = {http://www.ams.org/mathscinet-getitem?mr=1688136},
  timestamp = {2017-05-23T17:38:39Z},
  number = {1},
  journaltitle = {Ann. Inst. Fourier (Grenoble)},
  author = {Buchdahl, Nicholas},
  urldate = {2017-05-23},
  date = {1999},
  pages = {vii, xi, 287--302},
  keywords = {classic papers,complex geometry,Kaehler structure},
  mrnumber = {1688136}
}

@article{HK1957,
  title = {On the Complex Projective Spaces},
  volume = {36},
  issn = {0021-7824},
  url = {http://www.ams.org/mathscinet-getitem?mr=0092195},
  timestamp = {2017-05-23T17:47:33Z},
  journaltitle = {J. Math. Pures Appl. (9)},
  author = {Hirzebruch, F. and Kodaira, K.},
  urldate = {2017-05-23},
  date = {1957},
  pages = {201--216},
  keywords = {classic papers,complex geometry,uniqueness of complex structure},
  mrnumber = {0092195}
}

@book{KN1963,
  title = {Foundations of Differential Geometry. {{Vol I}}},
  url = {http://www.ams.org/mathscinet-getitem?mr=0152974},
  pagetotal = {xi+329},
  timestamp = {2017-05-24T08:57:09Z},
  publisher = {{Interscience Publishers, a division of John Wiley \& Sons, New York-London}},
  author = {Kobayashi, Shoshichi and Nomizu, Katsumi},
  urldate = {2017-05-24},
  date = {1963},
  keywords = {differential geometry,textbook},
  mrnumber = {0152974}
}

@article{ON1966,
  title = {The Fundamental Equations of a Submersion},
  volume = {13},
  issn = {0026-2285},
  url = {http://www.ams.org/mathscinet-getitem?mr=0200865},
  timestamp = {2017-05-24T11:12:21Z},
  journaltitle = {Michigan Math. J.},
  author = {O'Neill, Barrett},
  urldate = {2017-05-24},
  date = {1966},
  pages = {459--469},
  keywords = {homogeneous spaces,Riemannian geometry},
  mrnumber = {0200865}
}

@article{Gra1967,
  title = {Pseudo-{{Riemannian}} Almost Product Manifolds and Submersions},
  volume = {16},
  url = {http://www.ams.org/mathscinet-getitem?mr=0205184},
  timestamp = {2017-05-26T14:21:25Z},
  journaltitle = {J. Math. Mech.},
  author = {Gray, Alfred},
  urldate = {2017-05-26},
  date = {1967},
  pages = {715--737},
  keywords = {homogeneous spaces,Riemannian geometry},
  mrnumber = {0205184}
}

@incollection{Ehr1951,
  title = {Les Connexions Infinit{\'e}simales Dans Un Espace Fibr{\'e} Diff{\'e}rentiable},
  url = {http://www.ams.org/mathscinet-getitem?mr=0042768},
  timestamp = {2017-06-05T15:18:24Z},
  booktitle = {Colloque de Topologie (Espaces Fibr{\'e}s), {{Bruxelles}}, 1950},
  publisher = {{Georges Thone, Li{\`e}ge; Masson et Cie., Paris}},
  author = {Ehresmann, Charles},
  date = {1951},
  pages = {29--55},
  keywords = {classic papers,differential geometry},
  mrnumber = {0042768}
}

@Article{Sim1962,
  author       = {Simons, James},
  title        = {On the Transitivity of Holonomy Systems},
  journaltitle = {Ann. of Math. (2)},
  date         = {1962},
  volume       = {76},
  pages        = {213--234},
  issn         = {0003-486X},
  doi          = {10.2307/1970273},
  url          = {http://www.ams.org/mathscinet-getitem?mr=0148010},
  keywords     = {classic papers,holonomy},
  mrnumber     = {0148010},
  timestamp    = {2017-06-11T17:06:18Z},
}

@incollection{Zil1984,
  title = {Homogeneous {{Einstein}} Metrics},
  url = {http://www.ams.org/mathscinet-getitem?mr=757214},
  timestamp = {2017-06-20T07:42:52Z},
  booktitle = {Global {{Riemannian}} Geometry ({{Durham}}, 1983)},
  series = {Ellis Horwood Ser. Math. Appl.},
  publisher = {{Horwood, Chichester}},
  author = {Ziller, Wolfgang},
  date = {1984},
  pages = {126--135},
  keywords = {Einstein metrics,homogeneous spaces},
  mrnumber = {757214}
}

@incollection{BO1984,
  title = {On Some Generalizations of the Construction of Twistor Spaces},
  url = {http://www.ams.org/mathscinet-getitem?mr=757205},
  timestamp = {2017-06-20T07:43:34Z},
  booktitle = {Global {{Riemannian}} Geometry ({{Durham}}, 1983)},
  series = {Ellis Horwood Ser. Math. Appl.},
  publisher = {{Horwood, Chichester}},
  author = {B{\'e}rard-Bergery, L. and Ochiai, T.},
  date = {1984},
  pages = {52--59},
  keywords = {quaternionic Kähler structure,twistor spaces},
  mrnumber = {757205}
}

@incollection{Sal1984,
  title = {Quaternionic Structures and Twistor Spaces},
  url = {http://www.ams.org/mathscinet-getitem?mr=757207},
  timestamp = {2017-06-20T07:44:15Z},
  booktitle = {Global {{Riemannian}} Geometry ({{Durham}}, 1983)},
  series = {Ellis Horwood Ser. Math. Appl.},
  publisher = {{Horwood, Chichester}},
  author = {Salamon, S. M.},
  date = {1984},
  pages = {65--74},
  keywords = {quaternionic Kähler structure,twistor spaces},
  mrnumber = {757207}
}

@Article{BW1983,
  author       = {Bagger, Jonathan and Witten, Edward},
  title        = {Matter {{Couplings}} in {{N}}=2 {{Supergravity}}},
  journaltitle = {Nucl.Phys.B},
  date         = {1983},
  volume       = {222},
  pages        = {1--10},
  doi          = {10.1016/0550-3213(83)90605-3},
  abstract     = {We determine the general coupling of an arbitrary number of massless pin (0, 1 2 ) multiplets to N = 2 supergravity. We find that the matter coupling has a natural description in the language of the supersymmetric non-linear sigma model, where the sigma model is based on a quaternionic manifold. This implies that the matter self-couplings that are allowed in global N = 2 supersymmetry are forbidden in supergravity, and vice versa.},
  keywords     = {quaternionic Kähler structure,supersymmetry},
  timestamp    = {2017-06-21T11:36:37Z},
}

@Collection{Cor2010,
  editor    = {Cort{\'e}s, Vicente},
  title     = {Handbook of Pseudo-{{Riemannian}} Geometry and Supersymmetry},
  date      = {2010},
  volume    = {16},
  series    = {IRMA Lectures in Mathematics and Theoretical Physics},
  publisher = {{European Mathematical Society, Z{\"u}rich}},
  isbn      = {978-3-03719-079-1},
  pagetotal = {xviii+946},
  doi       = {10.4171/079},
  url       = {http://www.ams.org/mathscinet-getitem?mr=2605651},
  keywords  = {holonomy,quaternionic Kähler structure,string-math,supersymmetry,symmetric spaces},
  mrnumber  = {2605651},
  timestamp = {2017-06-21T11:49:35Z},
}

@Article{Hir1953a,
  author       = {Hirzebruch, Friedrich},
  title        = {{\"U}ber Die quaternionalen projektiven {{R{\"a}ume}}},
  journaltitle = {S.-B. Math.-Nat. Kl. Bayer. Akad. Wiss.},
  date         = {1953},
  volume       = {1953},
  pages        = {301--312 (1954)},
  url          = {http://www.ams.org/mathscinet-getitem?mr=0065155},
  keywords     = {almost complex structure,quaternionic Kähler structure},
  mrnumber     = {0065155},
  timestamp    = {2017-06-21T12:12:16Z},
}

@Article{Ber1955,
  author       = {Berger, Marcel},
  title        = {Sur les groupes d'holonomie homog{\`e}ne des vari{\'e}t{\'e}s {\`a} connexion affine et des vari{\'e}t{\'e}s riemanniennes},
  journaltitle = {Bull. Soc. Math. France},
  date         = {1955},
  volume       = {83},
  pages        = {279--330},
  issn         = {0037-9484},
  url          = {http://www.ams.org/mathscinet-getitem?mr=0079806},
  keywords     = {classic papers,holonomy},
  mrnumber     = {0079806},
  timestamp    = {2017-06-23T12:46:01Z},
}

@Article{Ale1967,
  author       = {Alekseevski{\u\i}, D. V.},
  title        = {Holonomy Groups of {{Riemannian}} Spaces},
  journaltitle = {Ukrain. Mat. {\v Z}.},
  date         = {1967},
  volume       = {19},
  number       = {2},
  pages        = {100--104},
  issn         = {0041-6053},
  url          = {http://www.ams.org/mathscinet-getitem?mr=0210039},
  keywords     = {holonomy},
  mrnumber     = {0210039},
  timestamp    = {2017-07-07T11:10:08Z},
}

@Article{BG1972,
  author       = {Brown, Robert B. and Gray, Alfred},
  title        = {Riemannian Manifolds with Holonomy Group {$\rm{Spin}(9)$}},
  journaltitle = {Differential geometry (in honor of Kentaro Yano)},
  date         = {1972},
  pages        = {41--59},
  url          = {http://www.ams.org/mathscinet-getitem?mr=0328817},
  keywords     = {holonomy},
  mrnumber     = {0328817},
  timestamp    = {2017-06-23T13:26:49Z},
}

@Article{Olm2005,
  author       = {Olmos, Carlos},
  title        = {A Geometric Proof of the {{Berger}} Holonomy Theorem},
  journaltitle = {Ann. of Math. (2)},
  date         = {2005},
  volume       = {161},
  number       = {1},
  pages        = {579--588},
  issn         = {0003-486X},
  doi          = {10.4007/annals.2005.161.579},
  url          = {http://www.ams.org/mathscinet-getitem?mr=2150392},
  keywords     = {holonomy},
  mrnumber     = {2150392},
  timestamp    = {2017-06-23T15:29:29Z},
}

@book{Joy2000a,
  title = {Compact Manifolds with Special Holonomy},
  isbn = {978-0-19-850601-0},
  url = {http://www.ams.org/mathscinet-getitem?mr=1787733},
  pagetotal = {xii+436},
  timestamp = {2017-06-25T07:38:38Z},
  series = {Oxford Mathematical Monographs},
  publisher = {{Oxford University Press, Oxford}},
  author = {Joyce, Dominic D.},
  date = {2000},
  keywords = {holonomy,textbook},
  mrnumber = {1787733}
}

@incollection{Hir1960,
  title = {Komplexe {{Mannigfaltigkeiten}}},
  url = {http://www.ams.org/mathscinet-getitem?mr=0123733},
  timestamp = {2017-06-25T07:59:09Z},
  booktitle = {Proc. {{Internat}}. {{Congress Math}}. 1958},
  publisher = {{Cambridge Univ. Press, New York}},
  author = {Hirzebruch, F.},
  date = {1960},
  pages = {119--136},
  keywords = {almost complex structure,characteristic classes,expository},
  mrnumber = {0123733}
}

@article{Mas1962,
  title = {Non-Existence of Almost-Complex Structures on Quaternionic Projective Spaces},
  volume = {12},
  issn = {0030-8730},
  url = {http://www.ams.org/mathscinet-getitem?mr=0151988},
  timestamp = {2017-06-26T11:02:40Z},
  journaltitle = {Pacific J. Math.},
  author = {Massey, W. S.},
  date = {1962},
  pages = {1379--1384},
  keywords = {almost complex structure},
  mrnumber = {0151988}
}

@Article{Ber1966,
  author       = {Berger, Marcel},
  title        = {Remarques sur les groupes d'holonomie des vari{\'e}t{\'e}s riemanniennes},
  journaltitle = {C. R. Acad. Sci. Paris S{\'e}r. A-B},
  date         = {1966},
  volume       = {262},
  pages        = {A1316--A1318},
  url          = {http://www.ams.org/mathscinet-getitem?mr=0200860},
  mrnumber     = {0200860},
  timestamp    = {2017-07-04T11:38:58Z},
}

@Article{HH2002,
  author       = {Herrera, Hayde{\'e} and Herrera, Rafael},
  title        = {{$\hat A$}-Genus on Non-Spin Manifolds with {$S^1$} Actions and the Classification of Positive Quaternion-{{K{\"a}hler}} 12-Manifolds},
  journaltitle = {J. Differential Geom.},
  date         = {2002},
  volume       = {61},
  number       = {3},
  pages        = {341--364},
  issn         = {0022-040X},
  url          = {http://www.ams.org/mathscinet-getitem?mr=1979364},
  keywords     = {quaternionic Kähler structure,Wolf spaces},
  mrnumber     = {1979364},
  timestamp    = {2017-07-06T16:49:12Z},
}

@Article{Ama2012,
  author       = {Amann, Manuel},
  title        = {Partial Classification Results for Positive Quaternion {{K{\"a}hler}} Manifolds},
  journaltitle = {Internat. J. Math.},
  date         = {2012},
  volume       = {23},
  number       = {2},
  issue        = {1250038},
  pages        = {1--39},
  issn         = {0129-167X},
  doi          = {10.1142/S0129167X12500383},
  url          = {http://www.ams.org/mathscinet-getitem?mr=2890475},
  keywords     = {quaternionic Kähler structure,Wolf spaces},
  mrnumber     = {2890475},
  timestamp    = {2017-07-06T16:57:24Z},
}

@article{Cor1996,
  title = {Alekseevskian Spaces},
  volume = {6},
  issn = {0926-2245},
  url = {http://www.ams.org/mathscinet-getitem?mr=1395026},
  doi = {10.1016/0926-2245(96)89146-7},
  timestamp = {2017-07-07T10:35:53Z},
  number = {2},
  journaltitle = {Differential Geom. Appl.},
  author = {Cort{\'e}s, Vicente},
  date = {1996},
  pages = {129--168},
  keywords = {homogeneous spaces,quaternionic Kähler structure,symmetric spaces},
  mrnumber = {1395026}
}

@Article{ACDM2015,
  author       = {Alekseevski{\u\i}, D. V. and Cort{\'e}s, V. and Dyckmanns, M. and Mohaupt, T.},
  title        = {Quaternionic {{K{\"a}hler}} Metrics Associated with Special {{K{\"a}hler}} Manifolds},
  journaltitle = {J. Geom. Phys.},
  date         = {2015},
  volume       = {92},
  pages        = {271--287},
  issn         = {0393-0440},
  doi          = {10.1016/j.geomphys.2014.12.012},
  url          = {http://www.ams.org/mathscinet-getitem?mr=3328073},
  keywords     = {quaternionic Kähler structure,string-math,supersymmetry},
  mrnumber     = {3328073},
  timestamp    = {2017-07-07T11:10:26Z},
}

@Article{Ale1968,
  author       = {Alekseevski{\u\i}, D. V.},
  title        = {Compact Quaternion Spaces},
  journaltitle = {Funkcional. Anal. i Prilo{\v z}en},
  date         = {1968},
  volume       = {2},
  number       = {2},
  pages        = {11--20},
  issn         = {0374-1990},
  url          = {http://www.ams.org/mathscinet-getitem?mr=0231314},
  keywords     = {homogeneous spaces,quaternionic Kähler structure,symmetric spaces},
  mrnumber     = {0231314},
  timestamp    = {2017-07-07T12:02:15Z},
}

@article{Mel1999,
  title = {Existence of Good Divisors on {{Mukai}} Varieties},
  volume = {8},
  issn = {1056-3911},
  url = {http://www.ams.org/mathscinet-getitem?mr=1675146},
  timestamp = {2017-07-13T13:09:17Z},
  number = {2},
  journaltitle = {J. Algebraic Geom.},
  author = {Mella, Massimiliano},
  date = {1999},
  pages = {197--206},
  keywords = {algebraic geometry},
  mrnumber = {1675146}
}

@Article{Muk1989,
  author       = {Mukai, Shigeru},
  title        = {Biregular Classification of {{Fano}} {$3$}-Folds and {{Fano}} Manifolds of Coindex {$3$}},
  journaltitle = {Proc. Nat. Acad. Sci. USA},
  date         = {1989},
  volume       = {86},
  number       = {9},
  pages        = {3000--3002},
  issn         = {0027-8424},
  doi          = {10.1073/pnas.86.9.3000},
  url          = {http://www.ams.org/mathscinet-getitem?mr=995400},
  keywords     = {algebraic geometry,characteristic classes,Fano manifolds,uniqueness of Kähler structure},
  mrnumber     = {995400},
  timestamp    = {2017-07-13T13:09:27Z},
}

@inproceedings{Deb2013,
  location = {{Poitiers}},
  title = {How to Classify {{Fano}} Varieties?},
  url = {http://www.math.ens.fr/~debarre/ExposePoitiers2013.pdf},
  eventtitle = {Rational curves on algebraic varieties},
  timestamp = {2017-08-13T18:19:09Z},
  author = {Debarre, Olivier},
  urldate = {2017-07-14},
  date = {2013},
  keywords = {algebraic geometry,expository,Fano manifolds,uniqueness of Kähler structure}
}

@Article{NN1957,
  author       = {Newlander, A. and Nirenberg, L.},
  title        = {Complex Analytic Coordinates in Almost Complex Manifolds},
  journaltitle = {Ann. of Math. (2)},
  date         = {1957},
  volume       = {65},
  pages        = {391--404},
  issn         = {0003-486X},
  doi          = {10.2307/1970051},
  url          = {http://www.ams.org/mathscinet-getitem?mr=0088770},
  keywords     = {classic papers,complex geometry},
  mrnumber     = {0088770},
  timestamp    = {2017-07-26T09:45:59Z},
}

@Book{Hel1978,
  author    = {Helgason, Sigurdur},
  title     = {Differential Geometry, {{Lie}} Groups, and Symmetric Spaces},
  date      = {1978},
  volume    = {80},
  series    = {Pure and Applied Mathematics},
  publisher = {{Academic Press, Inc., New York-London}},
  isbn      = {978-0-12-338460-7},
  pagetotal = {xv+628},
  url       = {http://www.ams.org/mathscinet-getitem?mr=514561},
  keywords  = {symmetric spaces,textbook},
  mrnumber  = {514561},
  timestamp = {2017-07-30T10:58:46Z},
}

@article{BH1958a,
  title = {Characteristic Classes and Homogeneous Spaces. {{I}}--{{III}}},
  volume = {80--82},
  timestamp = {2017-07-30T11:59:11Z},
  journaltitle = {Amer. J. Math.},
  author = {Borel, A. and Hirzebruch, F.},
  date = {1958/1960},
  pages = {458--538; 315--382; 491--504},
  keywords = {characteristic classes,classic papers,homogeneous spaces,representation theory}
}

@article{ABF2017,
  title = {\${{S}}\^6\$ and the Geometry of Nearly {{K}}$\backslash$"ahler \$6\$-Manifolds},
  url = {http://arxiv.org/abs/1707.08591},
  abstract = {We review results on and around the almost complex structure on \$S\^6\$, both from a classical and a modern point of view. These notes have been prepared for the Workshop "(Non)-existence of complex structures on \$S\^6\$" ($\backslash$emph\{Erste Marburger Arbeitsgemeinschaft Mathematik -- MAM-1\}), held in Marburg in March 2017.},
  timestamp = {2017-08-13T12:12:59Z},
  archivePrefix = {arXiv},
  eprinttype = {arxiv},
  eprint = {1707.08591},
  primaryClass = {math},
  author = {Agricola, Ilka and Bor{\'o}wka, Aleksandra and Friedrich, Thomas},
  date = {2017-07-26},
  keywords = {almost complex structure,complex structures on six-sphere,expository,history,nearly Kähler structure}
}

@article{ABG+2017,
  title = {On the History of the {{Hopf}} Problem},
  url = {http://arxiv.org/abs/1708.01068},
  abstract = {This short note serves as a historical introduction to the Hopf problem: "Does there exist a complex structure on \$S\^6\$?" This unsolved mathematical question was the subject of the Conference "MAM 1 \$-\$ (Non-)Existence of Complex Structures on \$S\^6\$", which took place at Philipps-Universit$\backslash$"at Marburg, Germany, between March 27th and March 30th, 2017.},
  timestamp = {2017-08-04T11:27:19Z},
  archivePrefix = {arXiv},
  eprinttype = {arxiv},
  eprint = {1708.01068},
  primaryClass = {math},
  author = {Agricola, Ilka and Bazzoni, Giovanni and Goertsches, Oliver and Konstantis, Panagiotis and Rollenske, S{\"o}nke},
  date = {2017-08-03},
  keywords = {almost complex structure,complex structures on six-sphere,expository,history}
}

@Thesis{Ama2009,
  author      = {Amann, Manuel},
  title       = {Positive {{Quaternion K{\"a}hler Manifolds}}},
  institution = {{Westf{\"a}lischen Wilhelmus-Universit{\"a}t M{\"u}nster}},
  date        = {2009},
  url         = {http://d-nb.info/996176438/34},
  urldate     = {2017-08-04},
  keywords    = {quaternionic Kähler structure,Wolf spaces},
  timestamp   = {2017-08-04T16:47:55Z},
}

@Article{HKP2000,
  author       = {Huckleberry, Alan T. and Kebekus, Stefan and Peternell, Thomas},
  title        = {Group Actions on {$S^6$} and Complex Structures on {$\bold P_3$}},
  journaltitle = {Duke Math. J.},
  date         = {2000},
  volume       = {102},
  number       = {1},
  pages        = {101--124},
  issn         = {0012-7094},
  doi          = {10.1215/S0012-7094-00-10214-1},
  url          = {http://www.ams.org/mathscinet-getitem?mr=1741779},
  keywords     = {almost complex structure,complex structures on six-sphere},
  mrnumber     = {1741779},
  timestamp    = {2017-08-06T12:43:46Z},
}

@article{Yau1978,
  title = {On the {{Ricci}} Curvature of a Compact {{K{\"a}hler}} Manifold and the Complex {{Monge}}-{{Amp{\`e}re}} Equation. {{I}}},
  volume = {31},
  issn = {0010-3640},
  url = {http://www.ams.org/mathscinet-getitem?mr=480350},
  doi = {10.1002/cpa.3160310304},
  timestamp = {2017-08-06T14:13:42Z},
  number = {3},
  journaltitle = {Comm. Pure Appl. Math.},
  author = {Yau, Shing Tung},
  date = {1978},
  pages = {339--411},
  keywords = {classic papers,complex geometry,geometric analysis,Kähler-Einstein metrics,Kähler structure},
  mrnumber = {480350}
}

@book{Hir1966,
  title = {Topological Methods in Algebraic Geometry},
  url = {http://www.ams.org/mathscinet-getitem?mr=0202713},
  pagetotal = {x+232},
  timestamp = {2017-08-06T16:15:21Z},
  series = {Third enlarged edition. New appendix and translation from the second German edition by R. L. E. Schwarzenberger, with an additional section by A. Borel. Die Grundlehren der Mathematischen Wissenschaften, Band 131},
  publisher = {{Springer-Verlag New York, Inc., New York}},
  author = {Hirzebruch, F.},
  date = {1966},
  keywords = {complex geometry,Kähler structure,textbook},
  mrnumber = {0202713}
}

@book{MS1974,
  title = {Characteristic Classes},
  url = {http://www.ams.org/mathscinet-getitem?mr=0440554},
  pagetotal = {vii+331},
  timestamp = {2017-08-06T17:06:14Z},
  publisher = {{Princeton University Press, Princeton, N. J.; University of Tokyo Press, Tokyo}},
  author = {Milnor, John W. and Stasheff, James D.},
  date = {1974},
  keywords = {algebraic topology,characteristic classes,textbook},
  mrnumber = {0440554}
}

@article{Nov1966,
  title = {On Manifolds with Free Abelian Fundamental Group and Their Application},
  volume = {30},
  issn = {0373-2436},
  url = {http://www.ams.org/mathscinet-getitem?mr=0196765},
  timestamp = {2017-08-06T18:33:22Z},
  journaltitle = {Izv. Akad. Nauk SSSR Ser. Mat.},
  author = {Novikov, S. P.},
  date = {1966},
  pages = {207--246},
  keywords = {algebraic topology,characteristic classes,classic papers},
  mrnumber = {0196765}
}

@Article{Tos2017,
  author       = {Tosatti, Valentino},
  title        = {Uniqueness of {$\Bbb C\Bbb P^n$}},
  journaltitle = {Expo. Math.},
  date         = {2017},
  volume       = {35},
  number       = {1},
  pages        = {1--12},
  issn         = {0723-0869},
  doi          = {10.1016/j.exmath.2016.07.002},
  url          = {http://www.ams.org/mathscinet-getitem?mr=3626201},
  keywords     = {complex geometry,complex structures on six-sphere,expository,uniqueness of Kähler structure},
  mrnumber     = {3626201},
  timestamp    = {2017-08-08T10:26:11Z},
}

@Article{Kod1953,
  author       = {Kodaira, K.},
  title        = {On a Differential-Geometric Method in the Theory of Analytic Stacks},
  journaltitle = {Proc. Nat. Acad. Sci. USA},
  date         = {1953},
  volume       = {39},
  pages        = {1268--1273},
  issn         = {0027-8424},
  url          = {http://www.ams.org/mathscinet-getitem?mr=0066693},
  keywords     = {classic papers,complex geometry,Kähler structure},
  mrnumber     = {0066693},
  timestamp    = {2017-08-08T11:13:04Z},
}

@book{LM1989,
  title = {Spin Geometry},
  volume = {38},
  isbn = {978-0-691-08542-5},
  url = {http://www.ams.org/mathscinet-getitem?mr=1031992},
  pagetotal = {xii+427},
  timestamp = {2017-08-08T23:12:58Z},
  series = {Princeton Mathematical Series},
  publisher = {{Princeton University Press, Princeton, NJ}},
  author = {Lawson, Jr., H. Blaine and Michelsohn, Marie-Louise},
  date = {1989},
  keywords = {index theory,Spin^c structure,Spin structure,textbook},
  mrnumber = {1031992}
}

@article{Li2016,
  title = {Some Remarks on the Uniqueness of the Complex Projective Spaces},
  volume = {48},
  issn = {0024-6093},
  url = {http://www.ams.org/mathscinet-getitem?mr=3483075},
  doi = {10.1112/blms/bdw009},
  timestamp = {2017-08-09T10:20:28Z},
  number = {2},
  journaltitle = {Bull. Lond. Math. Soc.},
  author = {Li, Ping},
  date = {2016},
  pages = {379--385},
  keywords = {complex geometry,uniqueness of Kähler structure},
  mrnumber = {3483075}
}

@Article{Hir1951,
  author       = {Hirzebruch, Friedrich},
  title        = {{\"U}ber eine {{Klasse}} von einfachzusammenh{\"a}ngenden komplexen {{Mannigfaltigkeiten}}},
  journaltitle = {Math. Ann.},
  date         = {1951},
  volume       = {124},
  pages        = {77--86},
  issn         = {0025-5831},
  doi          = {10.1007/BF01343552},
  url          = {http://www.ams.org/mathscinet-getitem?mr=0045384},
  keywords     = {complex geometry,uniqueness of Kähler structure},
  mrnumber     = {0045384},
  timestamp    = {2017-08-10T12:01:36Z},
}

@Article{Ehr1934,
  author       = {Ehresmann, Charles},
  title        = {Sur la topologie de certains espaces homog{\`e}nes},
  journaltitle = {Ann. of Math. (2)},
  date         = {1934},
  volume       = {35},
  number       = {2},
  pages        = {396--443},
  issn         = {0003-486X},
  doi          = {10.2307/1968440},
  url          = {http://www.ams.org/mathscinet-getitem?mr=1503170},
  keywords     = {algebraic topology,cohomology ring,homogeneous spaces},
  mrnumber     = {1503170},
  timestamp    = {2017-08-13T12:14:05Z},
}

@article{Fuj1980,
  title = {On the Structure of Polarized Manifolds with Total Deficiency One. {{I}}},
  volume = {32},
  issn = {0025-5645},
  url = {http://www.ams.org/mathscinet-getitem?mr=589109},
  doi = {10.2969/jmsj/03240709},
  timestamp = {2017-08-13T17:53:46Z},
  number = {4},
  journaltitle = {J. Math. Soc. Japan},
  author = {Fujita, Takao},
  date = {1980},
  pages = {709--725},
  keywords = {algebraic geometry,Fano manifolds,uniqueness of Kähler structure},
  mrnumber = {589109}
}

@incollection{Mor1969,
  title = {A Survey of Some Results on Complex {{K{\"a}hler}} Manifolds},
  url = {http://www.ams.org/mathscinet-getitem?mr=0258072},
  timestamp = {2017-08-14T12:18:05Z},
  booktitle = {Global {{Analysis}} ({{Papers}} in {{Honor}} of {{K}}. {{Kodaira}})},
  publisher = {{Univ. Tokyo Press, Tokyo}},
  author = {Morrow, James A.},
  date = {1969},
  pages = {315--324},
  keywords = {complex geometry,expository,Kähler structure,uniqueness of Kähler structure},
  mrnumber = {0258072}
}

@Article{Siu1983,
  author       = {Siu, Y. T.},
  title        = {Every {$K3$} Surface Is {{K{\"a}hler}}},
  journaltitle = {Invent. Math.},
  date         = {1983},
  volume       = {73},
  number       = {1},
  pages        = {139--150},
  issn         = {0020-9910},
  doi          = {10.1007/BF01393829},
  url          = {http://www.ams.org/mathscinet-getitem?mr=707352},
  keywords     = {complex geometry,Kähler structure},
  mrnumber     = {707352},
  timestamp    = {2017-08-14T15:58:00Z},
}

@article{Fuj1980a,
  title = {On Topological Characterizations of Complex Projective Spaces and Affine Linear Spaces},
  volume = {56},
  issn = {0386-2194},
  url = {http://www.ams.org/mathscinet-getitem?mr=580087},
  timestamp = {2017-08-14T16:22:56Z},
  number = {5},
  journaltitle = {Proc. Japan Acad. Ser. A Math. Sci.},
  author = {Fujita, Takao},
  date = {1980},
  pages = {231--234},
  keywords = {complex geometry,uniqueness of Kähler structure},
  mrnumber = {580087}
}

@Article{LS1986,
  author       = {Lanteri, A. and Struppa, D.},
  title        = {Projective Manifolds with the Same Homology as {$\bf{P}^k$}},
  journaltitle = {Monatsh. Math.},
  date         = {1986},
  volume       = {101},
  number       = {1},
  pages        = {53--58},
  issn         = {0026-9255},
  doi          = {10.1007/BF01326846},
  url          = {http://www.ams.org/mathscinet-getitem?mr=830610},
  keywords     = {complex geometry,uniqueness of Kähler structure},
  mrnumber     = {830610},
  timestamp    = {2017-08-14T16:51:46Z},
}

@Article{Pet1986,
  author       = {Peternell, Thomas},
  title        = {Algebraic Structures on Certain {$3$}-Folds},
  journaltitle = {Math. Ann.},
  date         = {1986},
  volume       = {274},
  number       = {1},
  pages        = {133--156},
  issn         = {0025-5831},
  doi          = {10.1007/BF01458021},
  url          = {http://www.ams.org/mathscinet-getitem?mr=834110},
  keywords     = {algebraic geometry,complex geometry,uniqueness of Kähler structure},
  mrnumber     = {834110},
  timestamp    = {2017-08-15T22:55:49Z},
}

@incollection{Pet1986a,
  title = {On the Rigidity Problem for the Complex Projective Space},
  volume = {10},
  url = {http://www.ams.org/mathscinet-getitem?mr=933784},
  timestamp = {2017-08-15T23:37:33Z},
  booktitle = {Journ{\'e}es {{Complexes}} 85 ({{Nancy}}, 1985)},
  series = {Inst. {\'E}lie Cartan},
  publisher = {{Univ. Nancy, Nancy}},
  author = {Peternell, Thomas},
  date = {1986},
  pages = {31--48},
  keywords = {algebraic geometry,complex geometry,uniqueness of Kähler structure},
  mrnumber = {933784}
}

@Article{Nak1992,
  author       = {Nakamura, Iku},
  title        = {On {{Moishezon}} Manifolds Homeomorphic to {$\bf{P}^n_{\bf{C}}$}},
  journaltitle = {J. Math. Soc. Japan},
  date         = {1992},
  volume       = {44},
  number       = {4},
  pages        = {667--692},
  issn         = {0025-5645},
  doi          = {10.2969/jmsj/04440667},
  url          = {http://www.ams.org/mathscinet-getitem?mr=1180442},
  keywords     = {algebraic geometry,complex geometry,uniqueness of Kähler structure},
  mrnumber     = {1180442},
  timestamp    = {2017-08-16T10:30:39Z},
}

@Article{MR1975,
  author       = {Marchiafava, Stefano and Romani, Giuliano},
  title        = {Sui Fibrati Con Struttura Quaternionale Generalizzata},
  journaltitle = {Ann. Mat. Pura Appl. (4)},
  date         = {1975},
  volume       = {107},
  pages        = {131--157 (1976)},
  issn         = {0003-4622},
  doi          = {10.1007/BF02416470},
  url          = {http://www.ams.org/mathscinet-getitem?mr=0402744},
  keywords     = {quaternionic Kähler structure},
  mrnumber     = {0402744},
  timestamp    = {2017-08-21T10:41:23Z},
}

@article{Kru2017,
  title = {Non-Existence of Orthogonal Complex Structures on 6-Sphere with a Metric Close to the Round One},
  url = {http://arxiv.org/abs/1708.07297},
  abstract = {I review several proofs for non-existence of orthogonal complex structures on the six-sphere, most notably by G. Bor and L. Hernandez-Lamoneda, but also by K. Sekigawa and L. Vanhecke that we generalize for metrics close to the round one. Invited talk at MAM-1 workshop, 27-30 March 2017, Marburg.},
  timestamp = {2017-09-01T15:10:24Z},
  archivePrefix = {arXiv},
  eprinttype = {arxiv},
  eprint = {1708.07297},
  primaryClass = {math},
  author = {Kruglikov, Boris},
  date = {2017-08-24},
  keywords = {almost complex structure,complex structures on six-sphere,expository}
}

@article{LeB1987,
  title = {Orthogonal Complex Structures on \${{S}}\^6\$},
  volume = {101},
  issn = {0002-9939},
  url = {http://www.ams.org/mathscinet-getitem?mr=897084},
  doi = {10.2307/2046564},
  timestamp = {2017-09-01T15:11:39Z},
  number = {1},
  journaltitle = {Proc. Amer. Math. Soc.},
  author = {LeBrun, Claude},
  date = {1987},
  pages = {136--138},
  keywords = {almost complex structure,complex structures on six-sphere},
  mrnumber = {897084}
}

@Book{Roe1998,
  author    = {Roe, John},
  title     = {Elliptic Operators, Topology and Asymptotic Methods},
  date      = {1998},
  volume    = {395},
  edition   = {Second Edition},
  series    = {Pitman Research Notes in Mathematics Series},
  publisher = {{Longman, Harlow}},
  isbn      = {978-0-582-32502-9},
  pagetotal = {ii+209},
  url       = {http://www.ams.org/mathscinet-getitem?mr=1670907},
  keywords  = {algebraic topology,index theory,textbook},
  mrnumber  = {1670907},
  timestamp = {2017-09-08T16:04:48Z},
}

@book{FIP2004,
  title = {Riemannian Submersions and Related Topics},
  isbn = {978-981-238-896-4},
  url = {http://www.ams.org/mathscinet-getitem?mr=2110043},
  pagetotal = {xiv+277},
  timestamp = {2017-09-19T10:41:53Z},
  publisher = {{World Scientific Publishing Co., Inc., River Edge, NJ}},
  author = {Falcitelli, Maria and Ianus, Stere and Pastore, Anna Maria},
  date = {2004},
  keywords = {Riemannian geometry,textbook},
  mrnumber = {2110043},
  doi = {10.1142/9789812562333}
}

@book{DK2001,
  title = {Lecture Notes in Algebraic Topology},
  volume = {35},
  isbn = {978-0-8218-2160-2},
  url = {http://www.ams.org/mathscinet-getitem?mr=1841974},
  pagetotal = {xvi+367},
  timestamp = {2017-09-19T16:36:00Z},
  series = {Graduate Studies in Mathematics},
  publisher = {{American Mathematical Society, Providence, RI}},
  author = {Davis, James F. and Kirk, Paul},
  date = {2001},
  keywords = {algebraic topology,homotopy theory,textbook},
  mrnumber = {1841974},
  doi = {10.1090/gsm/035}
}

@Online{BCM2013,
  author = {Brunner, R. R. and Catanzaro, M. and May, J. P.},
  title  = {Characteristic Classes},
  date   = {2013},
  url    = {http://www.math.uchicago.edu/~may/CHAR/charclasses.pdf},
}

@Comment{jabref-meta: databaseType:biblatex;}
