@article{WRV2001,
  langid = {english},
  title = {Hypermultiplets, Hyperkahler Cones and Quaternion-{{Kahler}} Geometry},
  volume = {2001},
  issn = {1126-6708},
  url = {http://stacks.iop.org/1126-6708/2001/i=02/a=039},
  doi = {10.1088/1126-6708/2001/02/039},
  number = {02},
  journaltitle = {Journal of High Energy Physics},
  shortjournal = {J. High Energy Phys.},
  urldate = {2017-12-06},
  date = {2001},
  pages = {039},
  keywords = {moduli spaces,physical mathematics,supersymmetry,hyper-Kähler geometry,quaternionic Kähler geometry},
  author = {de Wit, Bernard and Rocek, Martin and Vandoren, Stefan}
}

@article{dKV2000,
  title = {Superconformal Hypermultiplets},
  volume = {568},
  issn = {0550-3213},
  url = {http://www.sciencedirect.com/science/article/pii/S0550321399007269},
  doi = {10.1016/S0550-3213(99)00726-9},
  number = {3},
  journaltitle = {Nuclear Physics B},
  shortjournal = {Nuclear Physics B},
  urldate = {2017-12-06},
  date = {2000-03-06},
  pages = {475-502},
  keywords = {moduli spaces,physical mathematics,supersymmetry,conformal field theory,hyper-Kähler geometry,quaternionic Kähler geometry},
  author = {de Wit, Bernard and Kleijn, Bas and Vandoren, Stefan},
  options = {useprefix=true}
}

@article{ADMS2016,
  title = {Heisenberg Symmetry and Hypermultiplet Manifolds},
  volume = {905},
  issn = {0550-3213},
  url = {http://www.sciencedirect.com/science/article/pii/S0550321316000651},
  doi = {10.1016/j.nuclphysb.2016.02.021},
  issue = {Supplement C},
  journaltitle = {Nuclear Physics B},
  shortjournal = {Nuclear Physics B},
  urldate = {2017-12-06},
  date = {2016-04-01},
  pages = {293-312},
  keywords = {moduli spaces,physical mathematics,hyper-Kähler geometry,quaternionic Kähler geometry},
  author = {Antoniadis, Ignatios and Derendinger, Jean-Pierre and Marios Petropoulos, P. and Siampos, Konstantinos}
}

@article{APSV2010,
  langid = {english},
  title = {Linear {{Perturbations}} of {{Quaternionic Metrics}}},
  volume = {296},
  issn = {0010-3616, 1432-0916},
  url = {https://link.springer.com/article/10.1007/s00220-010-1022-y},
  doi = {10.1007/s00220-010-1022-y},
  number = {2},
  journaltitle = {Communications in Mathematical Physics},
  shortjournal = {Commun. Math. Phys.},
  urldate = {2017-12-06},
  date = {2010-06-01},
  pages = {353-403},
  keywords = {moduli spaces,physical mathematics,supersymmetry,c-map,deformation of privileged metric,twistor spaces,quaternionic Kähler geometry},
  author = {Alexandrov, Sergei and Pioline, Boris and Saueressig, Frank and Vandoren, Stefan}
}

@article{APSV2009a,
  langid = {english},
  title = {Linear {{Perturbations}} of {{Hyperkähler Metrics}}},
  volume = {87},
  issn = {0377-9017, 1573-0530},
  url = {https://link.springer.com/article/10.1007/s11005-009-0305-8},
  doi = {10.1007/s11005-009-0305-8},
  number = {3},
  journaltitle = {Letters in Mathematical Physics},
  shortjournal = {Lett Math Phys},
  urldate = {2017-12-06},
  date = {2009-03-01},
  pages = {225-265},
  keywords = {moduli spaces,physical mathematics,deformation of privileged metric,twistor spaces,hyper-Kähler geometry},
  author = {Alexandrov, Sergei and Pioline, Boris and Saueressig, Frank and Vandoren, Stefan}
}

@article{APSV2009,
  langid = {english},
  title = {D-Instantons and Twistors},
  volume = {2009},
  issn = {1126-6708},
  url = {http://stacks.iop.org/1126-6708/2009/i=03/a=044},
  doi = {10.1088/1126-6708/2009/03/044},
  number = {03},
  journaltitle = {Journal of High Energy Physics},
  shortjournal = {J. High Energy Phys.},
  urldate = {2017-12-06},
  date = {2009},
  pages = {044},
  keywords = {moduli spaces,physical mathematics,supersymmetry,deformation of privileged metric,twistor spaces,complex contact structure,quaternionic Kähler geometry},
  author = {Alexandrov, Sergei and Pioline, Boris and Saueressig, Frank and Vandoren, Stefan}
}

@article{BKN+2010,
  langid = {english},
  title = {Instanton Corrections to the Universal Hypermultiplet and Automorphic Forms on \{\$\vphantom\}{{SU}}(2,1)\$\vphantom\{\}},
  volume = {4},
  issn = {1931-4531},
  url = {http://www.intlpress.com/site/pub/pages/journals/items/cntp/content/vols/0004/0001/a005/abstract.html},
  doi = {10.4310/CNTP.2010.v4.n1.a5},
  number = {1},
  journaltitle = {Communications in Number Theory and Physics},
  shortjournal = {Commun. Number Theory Phys.},
  urldate = {2017-12-06},
  date = {2010-03},
  pages = {187-266},
  keywords = {moduli spaces,physical mathematics,deformation of privileged metric,modular forms,quaternionic Kähler geometry},
  author = {Bao, Ling and Kleinschmidt, Axel and Nilsson, Bengt E. W. and Persson, Daniel and Pioline, Boris}
}

@article{LeB199108,
  title = {On Complete Quaternionic-{{Kähler}} Manifolds},
  volume = {63},
  issn = {0012-7094, 1547-7398},
  url = {https://projecteuclid.org/euclid.dmj/1077296077},
  doi = {10.1215/S0012-7094-91-06331-3},
  abstract = {Project Euclid - mathematics and statistics online},
  number = {3},
  journaltitle = {Duke Mathematical Journal},
  shortjournal = {Duke Math. J.},
  urldate = {2017-12-06},
  date = {199108},
  pages = {723-743},
  keywords = {deformation of privileged metric,twistor spaces,complex contact structure,quaternionic Kähler geometry},
  author = {LeBrun, Claude}
}

@article{Ion2017,
  archivePrefix = {arXiv},
  eprinttype = {arxiv},
  eprint = {1712.00199},
  primaryClass = {hep-th},
  title = {Twisted Hyperk$\backslash$"ahler Symmetries and Hyperholomorphic Line Bundles},
  url = {http://arxiv.org/abs/1712.00199},
  urldate = {2017-12-06},
  date = {2017-12-01},
  keywords = {c-map,hyper-Kähler geometry,special Kähler geometry},
  author = {Ionas, Radu A.}
}

@article{Gal1987,
  title = {A Generalization of the Momentum Mapping Construction for Quaternionic {{Kåhler}} Manifolds},
  volume = {108},
  issn = {0010-3616, 1432-0916},
  url = {https://projecteuclid.org/euclid.cmp/1104116360},
  abstract = {Project Euclid - mathematics and statistics online},
  number = {1},
  journaltitle = {Communications in Mathematical Physics},
  shortjournal = {Comm. Math. Phys.},
  urldate = {2017-12-06},
  date = {1987},
  pages = {117-138},
  keywords = {moment maps/quotient constructions,quaternionic Kähler geometry},
  author = {Galicki, K.}
}

@article{Wol1965,
  title = {Complex Homogeneous Contact Manifolds and Quaternionic Symmetric Spaces},
  volume = {14},
  url = {http://www.ams.org/mathscinet-getitem?mr=0185554},
  journaltitle = {J. Math. Mech.},
  urldate = {2017-04-03},
  date = {1965},
  pages = {1033--1047},
  keywords = {complex contact structure,symmetric spaces,Wolf spaces,quaternionic Kähler geometry},
  author = {Wolf, Joseph A.}
}

@article{LeB1995,
  title = {Fano Manifolds, Contact Structures, and Quaternionic Geometry},
  volume = {06},
  issn = {0129-167X},
  url = {http://www.worldscientific.com/doi/abs/10.1142/S0129167X95000146},
  doi = {10.1142/S0129167X95000146},
  number = {03},
  journaltitle = {International Journal of Mathematics},
  shortjournal = {Int. J. Math.},
  urldate = {2017-12-06},
  date = {1995-06-01},
  pages = {419-437},
  keywords = {twistor spaces,complex contact structure,Fano manifolds,quaternionic Kähler geometry},
  author = {LeBrun, Claude}
}

@article{LeB1988,
  eprinttype = {jstor},
  eprint = {2047113},
  title = {A {{Rigidity Theorem}} for {{Quaternionic}}-{{Kähler Manifolds}}},
  volume = {103},
  issn = {0002-9939},
  doi = {10.2307/2047113},
  number = {4},
  journaltitle = {Proceedings of the American Mathematical Society},
  date = {1988},
  pages = {1205-1208},
  keywords = {twistor spaces,complex contact structure,quaternionic Kähler geometry},
  author = {LeBrun, Claude}
}

@article{Kob1959,
  title = {Remarks on Complex Contact Manifolds},
  volume = {10},
  issn = {0002-9939},
  url = {http://www.ams.org/mathscinet-getitem?mr=0111061},
  doi = {10.2307/2032906},
  journaltitle = {Proceedings of the American Mathematical Society},
  shortjournal = {Proc. Amer. Math. Soc.},
  urldate = {2017-04-03},
  date = {1959},
  pages = {164--167},
  keywords = {complex contact structure},
  author = {Kobayashi, Shoshichi}
}

@article{Boo1962,
  title = {A Note on Homogeneous Complex Contact Manifolds},
  volume = {13},
  issn = {0002-9939},
  url = {http://www.ams.org/mathscinet-getitem?mr=0137126},
  doi = {10.2307/2034482},
  journaltitle = {Proceedings of the American Mathematical Society},
  shortjournal = {Proc. Amer. Math. Soc.},
  urldate = {2017-04-03},
  date = {1962},
  pages = {276--280},
  keywords = {representation theory,complex contact structure,homogeneous spaces},
  author = {Boothby, William M.}
}

@incollection{Boo1961,
  title = {Homogeneous Complex Contact Manifolds},
  url = {http://www.ams.org/mathscinet-getitem?mr=0124863},
  booktitle = {Proc. {{Sympos}}. {{Pure Math}}., {{Vol}}. {{III}}},
  publisher = {{American Mathematical Society, Providence, R. I.}},
  urldate = {2017-04-03},
  date = {1961},
  pages = {144--154},
  keywords = {representation theory,complex contact structure,homogeneous spaces},
  author = {Boothby, William M.}
}

@article{GL1988,
  langid = {english},
  title = {Quaternionic Reduction and Quaternionic Orbifolds},
  volume = {282},
  issn = {0025-5831, 1432-1807},
  url = {https://link.springer.com/article/10.1007/BF01457009},
  doi = {10.1007/BF01457009},
  number = {1},
  journaltitle = {Mathematische Annalen},
  shortjournal = {Math. Ann.},
  urldate = {2017-12-06},
  date = {1988-03-01},
  pages = {1-21},
  keywords = {moment maps/quotient constructions,quaternionic Kähler geometry},
  author = {Galicki, K. and Lawson, H. B.}
}

@article{LeB1989,
  langid = {english},
  title = {Quaternionic-{{Kähler}} Manifolds and Conformal Geometry},
  volume = {284},
  issn = {0025-5831, 1432-1807},
  url = {https://link.springer.com/article/10.1007/BF01442490},
  doi = {10.1007/BF01442490},
  number = {3},
  journaltitle = {Mathematische Annalen},
  shortjournal = {Math. Ann.},
  urldate = {2017-12-06},
  date = {1989-09-01},
  pages = {353-376},
  keywords = {twistor spaces,quaternionic Kähler geometry},
  author = {LeBrun, Claude}
}

@thesis{van2008,
  title = {A {{Geometric Interpretation}} of the C-Map},
  url = {https://dspace.library.uu.nl/handle/1874/203181},
  institution = {{Universiteit Utrecht}},
  date = {2008},
  author = {van der Aalst, Ted},
  options = {useprefix=true}
}

@article{GMS2011,
  title = {Almost Complex Structures on Quaternion-{{Kähler}} Manifolds and Inner Symmetric Spaces},
  volume = {184},
  issn = {0020-9910},
  url = {http://www.ams.org/mathscinet-getitem?mr=2793859},
  doi = {10.1007/s00222-010-0291-6},
  number = {2},
  journaltitle = {Inventiones Mathematicae},
  shortjournal = {Invent. Math.},
  date = {2011},
  pages = {389--403},
  keywords = {symmetric spaces,index theory,almost complex geometry,quaternionic Kähler geometry},
  author = {Gauduchon, Paul and Moroianu, Andrei and Semmelmann, Uwe}
}

@thesis{Dyc2015,
  title = {The Hyper-{{Kähler}}/Quaternionic {{Kähler}} Correspondence and the Geometry of the c-Map},
  url = {http://www.math.uni-hamburg.de/home/dyckmanns/Dissertation%20Malte%20Dyckmanns.pdf},
  institution = {{Universität Hamburg}},
  date = {2015},
  keywords = {physical mathematics,supersymmetry,hyper-Kähler geometry,quaternionic Kähler geometry},
  author = {Dyckmanns, M.}
}

@incollection{Sal1993,
  title = {Index Theory and Quaternionic {{Kähler}} Manifolds},
  volume = {1},
  url = {http://www.ams.org/mathscinet-getitem?mr=1255556},
  booktitle = {Differential Geometry and Its Applications ({{Opava}}, 1992)},
  series = {Math. Publ.},
  publisher = {{Silesian Univ. Opava, Opava}},
  date = {1993},
  pages = {387--404},
  keywords = {index theory,quaternionic Kähler geometry},
  author = {Salamon, S. M.}
}

@thesis{Ama2009,
  title = {Positive {{Quaternion Kähler Manifolds}}},
  url = {http://d-nb.info/996176438/34},
  institution = {{Westfälischen Wilhelmus-Universität Münster}},
  urldate = {2017-08-04},
  date = {2009},
  keywords = {Wolf spaces,quaternionic Kähler geometry},
  author = {Amann, Manuel}
}

@article{BW1983,
  title = {Matter {{Couplings}} in {{N}}=2 {{Supergravity}}},
  volume = {B222},
  doi = {10.1016/0550-3213(83)90605-3},
  abstract = {We determine the general coupling of an arbitrary number of massless pin (0, 1 2 ) multiplets to N = 2 supergravity. We find that the matter coupling has a natural description in the language of the supersymmetric non-linear sigma model, where the sigma model is based on a quaternionic manifold. This implies that the matter self-couplings that are allowed in global N = 2 supersymmetry are forbidden in supergravity, and vice versa.},
  journaltitle = {Nucl.Phys.},
  date = {1983},
  pages = {1-10},
  keywords = {supersymmetry,quaternionic Kähler geometry},
  author = {Bagger, Jonathan and Witten, Edward}
}

@incollection{Sal1984,
  title = {Quaternionic Structures and Twistor Spaces},
  url = {http://www.ams.org/mathscinet-getitem?mr=757207},
  booktitle = {Global {{Riemannian}} Geometry ({{Durham}}, 1983)},
  series = {Ellis Horwood Ser. Math. Appl.},
  publisher = {{Horwood, Chichester}},
  date = {1984},
  pages = {65--74},
  keywords = {twistor spaces,quaternionic Kähler geometry},
  author = {Salamon, S. M.}
}

@article{Hay2008,
  title = {{{HyperKähler}} and Quaternionic {{Kähler}} Manifolds with \${{S}}\^1\$-Symmetries},
  volume = {58},
  issn = {0393-0440},
  url = {http://www.ams.org/mathscinet-getitem?mr=2394039},
  doi = {10.1016/j.geomphys.2007.11.004},
  number = {3},
  journaltitle = {Journal of Geometry and Physics},
  shortjournal = {J. Geom. Phys.},
  urldate = {2017-06-03},
  date = {2008},
  pages = {293--306},
  keywords = {Kähler geometry,hyper-Kähler geometry,quaternionic Kähler geometry,HK/QK correspondence},
  author = {Haydys, Andriy}
}

@article{Ali2012,
  archivePrefix = {arXiv},
  eprinttype = {arxiv},
  eprint = {1207.0496},
  primaryClass = {hep-th},
  title = {Lectures on {{Mirror Symmetry}} and {{Topological String Theory}}},
  url = {http://arxiv.org/abs/1207.0496},
  abstract = {These are notes of a series of lectures on mirror symmetry and topological string theory given at the Mathematical Sciences Center at Tsinghua University. The N=2 superconformal algebra, its deformations and its chiral ring are reviewed. A topological field theory can be constructed whose observables are only the elements of the chiral ring. When coupled to gravity, this leads to topological string theory. The identification of the topological string A- and B-models by mirror symmetry leads to surprising connections in mathematics and provides tools for exact computations as well as new insights in physics. A recursive construction of the higher genus amplitudes of topological string theory expressed as polynomials is reviewed.},
  urldate = {2017-05-10},
  date = {2012-07-02},
  keywords = {physical mathematics,mirror symmetry,topological string theory},
  author = {Alim, Murad}
}

@inproceedings{Pen1975,
  title = {Twistor Theory - {{Its}} Aims and Achievements},
  url = {http://adsabs.harvard.edu/abs/1975qngr.symp..268P},
  abstract = {The essential scope of twistor theory is fully outlined and analyzed. It 
is noted that the basic aims of twistor theory are to provide an
alternative framework for physics in which the space-time continuum and
the complex continuum of quantum mechanics are merged into one and to
eliminate the continuum concept from the basis of physical theory. It is
also noted that in the context of the present theory, space-time points
are derived objects, twistors are more basic phenomena, and
quantum-mechanical uncertainties are transferred to the very concept of
a space-time point. Flat-space twistors are described analytically, and
the geometry of Minkowski space is reformulated in terms of the geometry
of twistor space. Twistor first-quantization rules are outlined together
with rules for twistor diagrams and techniques for translating analytic
expressions into such diagrams. Properties of curved-space twistors are
analyzed, and these twistors are identified as local, global null,
hypersurface, and asymptotic twistors.},
  eventtitle = {Quantum Gravity; {{Proceedings}} of the {{Oxford Symposium}}, {{Harwell}}, {{Berks}}., {{England}}, {{February}} 15, 16, 1974. ({{A76}}-11051 01-90) {{Oxford}}, {{Clarendon Press}}, 1975, p. 268-407.},
  urldate = {2017-04-26},
  date = {1975},
  pages = {268-407},
  keywords = {twistor spaces,fun stuff},
  author = {Penrose, R.}
}

@article{Swa1991,
  title = {Hyper-{{Kähler}} and Quaternionic {{Kähler}} Geometry},
  volume = {289},
  issn = {0025-5831},
  url = {http://www.ams.org/mathscinet-getitem?mr=1096180},
  doi = {10.1007/BF01446581},
  number = {3},
  journaltitle = {Mathematische Annalen},
  shortjournal = {Math. Ann.},
  urldate = {2017-04-03},
  date = {1991},
  pages = {421--450},
  keywords = {twistor spaces,almost complex geometry,hyper-Kähler geometry,quaternionic Kähler geometry},
  author = {Swann, Andrew}
}

@incollection{Sal1999,
  title = {Quaternion-{{Kähler}} Geometry},
  volume = {6},
  url = {http://www.ams.org/mathscinet-getitem?mr=1798608},
  booktitle = {Surveys in Differential Geometry: Essays on {{Einstein}} Manifolds},
  series = {Surv. Differ. Geom.},
  publisher = {{Int. Press, Boston, MA}},
  urldate = {2017-04-03},
  date = {1999},
  pages = {83--121},
  keywords = {twistor spaces,symmetric spaces,almost complex geometry,quaternionic Kähler geometry},
  author = {Salamon, S. M.},
  doi = {10.4310/SDG.2001.v6.n1.a5}
}

@article{Sal1982,
  title = {Quaternionic {{Kähler}} Manifolds},
  volume = {67},
  issn = {0020-9910},
  url = {http://www.ams.org/mathscinet-getitem?mr=664330},
  doi = {10.1007/BF01393378},
  number = {1},
  journaltitle = {Inventiones Mathematicae},
  shortjournal = {Invent. Math.},
  urldate = {2017-04-03},
  date = {1982},
  pages = {143--171},
  keywords = {twistor spaces,quaternionic Kähler geometry},
  author = {Salamon, Simon}
}

@incollection{Sal1985,
  title = {Harmonic and Holomorphic Maps},
  volume = {1164},
  url = {http://www.ams.org/mathscinet-getitem?mr=829230},
  booktitle = {Geometry Seminar “{{Luigi Bianchi}}” {{II}}—1984},
  series = {Lecture Notes in Math.},
  publisher = {{Springer, Berlin}},
  urldate = {2017-04-03},
  date = {1985},
  pages = {161--224},
  keywords = {twistor spaces,almost complex geometry,quaternionic Kähler geometry},
  author = {Salamon, Simon},
  doi = {10.1007/BFb0081912}
}

@article{Sal1986,
  title = {Differential Geometry of Quaternionic Manifolds},
  volume = {19},
  issn = {0012-9593},
  url = {http://www.ams.org/mathscinet-getitem?mr=860810},
  number = {1},
  journaltitle = {Annales Scientifiques de l'École Normale Supérieure. Quatrième Série},
  shortjournal = {Ann. Sci. École Norm. Sup. (4)},
  urldate = {2017-04-03},
  date = {1986},
  pages = {31--55},
  keywords = {representation theory,twistor spaces,quaternionic Kähler geometry},
  author = {Salamon, S. M.}
}

@article{PS1991,
  title = {Quaternionic {{Kähler}} \$8\$-Manifolds with Positive Scalar Curvature},
  volume = {33},
  issn = {0022-040X},
  url = {http://www.ams.org/mathscinet-getitem?mr=1094461},
  number = {2},
  journaltitle = {Journal of Differential Geometry},
  shortjournal = {J. Differential Geom.},
  urldate = {2017-04-03},
  date = {1991},
  pages = {363--378},
  keywords = {twistor spaces,symmetric spaces,quaternionic Kähler geometry},
  author = {Poon, Y. S. and Salamon, S. M.}
}

@article{LS1994,
  title = {Strong Rigidity of Positive Quaternion-{{Kähler}} Manifolds},
  volume = {118},
  issn = {0020-9910},
  url = {http://www.ams.org/mathscinet-getitem?mr=1288469},
  doi = {10.1007/BF01231528},
  number = {1},
  journaltitle = {Inventiones Mathematicae},
  shortjournal = {Invent. Math.},
  urldate = {2017-04-03},
  date = {1994},
  pages = {109--132},
  keywords = {twistor spaces,quaternionic Kähler geometry},
  author = {LeBrun, Claude and Salamon, Simon}
}

@article{Kra1966,
  title = {Topology of Quaternionic Manifolds},
  volume = {122},
  issn = {0002-9947},
  url = {http://www.ams.org/mathscinet-getitem?mr=0192513},
  doi = {10.2307/1994553},
  journaltitle = {Transactions of the American Mathematical Society},
  shortjournal = {Trans. Amer. Math. Soc.},
  urldate = {2017-04-03},
  date = {1966},
  pages = {357--367},
  keywords = {cohomology ring,quaternionic Kähler geometry},
  author = {Kraines, Vivian Yoh}
}

@article{Ish1974,
  title = {Quaternion {{Kählerian}} Manifolds},
  volume = {9},
  issn = {0022-040X},
  url = {http://www.ams.org/mathscinet-getitem?mr=0348687},
  journaltitle = {Journal of Differential Geometry},
  shortjournal = {J. Differential Geometry},
  urldate = {2017-04-03},
  date = {1974},
  pages = {483--500},
  keywords = {quaternionic Kähler geometry},
  author = {Ishihara, Shigeru}
}

@article{ES1985,
  title = {Twistorial Construction of Harmonic Maps of Surfaces into Four-Manifolds},
  volume = {12},
  issn = {0391-173X},
  url = {http://www.ams.org/mathscinet-getitem?mr=848842},
  number = {4},
  journaltitle = {Annali della Scuola Normale Superiore di Pisa. Classe di Scienze. Serie IV},
  shortjournal = {Ann. Scuola Norm. Sup. Pisa Cl. Sci. (4)},
  urldate = {2017-04-03},
  date = {1985},
  pages = {589--640 (1986)},
  keywords = {twistor spaces,almost complex geometry},
  author = {Eells, J. and Salamon, S.}
}

@article{Hit1981,
  title = {Kählerian Twistor Spaces},
  volume = {43},
  issn = {0024-6115},
  url = {http://www.ams.org/mathscinet-getitem?mr=623721},
  doi = {10.1112/plms/s3-43.1.133},
  number = {1},
  journaltitle = {Proceedings of the London Mathematical Society. Third Series},
  shortjournal = {Proc. London Math. Soc. (3)},
  date = {1981},
  pages = {133--150},
  keywords = {classic papers,twistor spaces,complex geometry,four-manifolds},
  author = {Hitchin, N. J.}
}

@article{HKLR1987,
  title = {Hyper-{{Kähler}} Metrics and Supersymmetry},
  volume = {108},
  issn = {0010-3616},
  url = {http://www.ams.org/mathscinet-getitem?mr=877637},
  number = {4},
  journaltitle = {Communications in Mathematical Physics},
  shortjournal = {Comm. Math. Phys.},
  date = {1987},
  pages = {535--589},
  keywords = {classic papers,supersymmetry,complex geometry,symplectic geometry,hyper-Kähler geometry},
  author = {Hitchin, N. J. and Karlhede, A. and Lindström, U. and Roček, M.}
}

@article{Hit1992,
  title = {Hyper-{{Kähler}} Manifolds},
  issn = {0303-1179},
  url = {http://www.ams.org/mathscinet-getitem?mr=1206066},
  number = {206},
  journaltitle = {Astérisque},
  shortjournal = {Astérisque},
  date = {1992},
  pages = {Exp.$\backslash$ No.$\backslash$ 748, 3, 137--166},
  keywords = {expository,twistor spaces,hyper-Kähler geometry},
  author = {Hitchin, Nigel}
}

@article{Hit1995,
  title = {Twistor Spaces, {{Einstein}} Metrics and Isomonodromic Deformations},
  volume = {42},
  issn = {0022-040X},
  url = {http://www.ams.org/mathscinet-getitem?mr=1350695},
  number = {1},
  journaltitle = {Journal of Differential Geometry},
  shortjournal = {J. Differential Geom.},
  date = {1995},
  pages = {30--112},
  keywords = {classic papers,twistor spaces,Einstein metrics},
  author = {Hitchin, N. J.}
}

@incollection{Hit2001,
  title = {Lectures on Special {{Lagrangian}} Submanifolds},
  volume = {23},
  url = {http://www.ams.org/mathscinet-getitem?mr=1876068},
  booktitle = {Winter {{School}} on {{Mirror Symmetry}}, {{Vector Bundles}} and {{Lagrangian Submanifolds}} ({{Cambridge}}, {{MA}}, 1999)},
  series = {AMS/IP Stud. Adv. Math.},
  publisher = {{Amer. Math. Soc., Providence, RI}},
  date = {2001},
  pages = {151--182},
  keywords = {classic papers,expository,moduli spaces,symplectic geometry,mirror symmetry,Lagrangian submanifolds},
  author = {Hitchin, Nigel}
}

@incollection{Hit2009,
  title = {Quaternionic {{Kähler}} Moduli Spaces},
  volume = {271},
  url = {http://www.ams.org/mathscinet-getitem?mr=2494168},
  booktitle = {Riemannian Topology and Geometric Structures on Manifolds},
  series = {Progr. Math.},
  publisher = {{Birkhäuser Boston, Boston, MA}},
  date = {2009},
  pages = {49--61},
  keywords = {moduli spaces,algebraic geometry,quaternionic Kähler geometry},
  author = {Hitchin, Nigel},
  doi = {10.1007/978-0-8176-4743-8_3}
}

@article{Hit2013,
  title = {On the Hyperkähler/Quaternion {{Kähler}} Correspondence},
  volume = {324},
  issn = {0010-3616},
  url = {http://www.ams.org/mathscinet-getitem?mr=3116317},
  doi = {10.1007/s00220-013-1689-y},
  number = {1},
  journaltitle = {Communications in Mathematical Physics},
  shortjournal = {Comm. Math. Phys.},
  date = {2013},
  pages = {77--106},
  keywords = {twistor spaces,complex geometry,almost complex geometry,hyper-Kähler geometry,quaternionic Kähler geometry},
  author = {Hitchin, Nigel}
}

@article{Swa1990,
  title = {{{HyperKähler}} and {{Quaternionic Kähler Geometry}}},
  url = {http://home.math.au.dk/swann/thesisafs.pdf},
  date = {1990},
  keywords = {expository,twistor spaces,hyper-Kähler geometry,quaternionic Kähler geometry},
  author = {Swann, Andrew}
}

@article{ACDM2015,
  title = {Quaternionic {{Kähler}} Metrics Associated with Special {{Kähler}} Manifolds},
  volume = {92},
  issn = {0393-0440},
  url = {http://www.ams.org/mathscinet-getitem?mr=3328073},
  doi = {10.1016/j.geomphys.2014.12.012},
  journaltitle = {Journal of Geometry and Physics},
  shortjournal = {J. Geom. Phys.},
  date = {2015},
  pages = {271--287},
  keywords = {physical mathematics,supersymmetry,quaternionic Kähler geometry,HK/QK correspondence},
  author = {Alekseevski$\backslash$u$\backslash$i, D. V. and Cortés, V. and Dyckmanns, M. and Mohaupt, T.}
}

@article{APP2011,
  title = {Wall-Crossing, {{Rogers}} Dilogarithm, and the {{QK}}/{{HK}} Correspondence},
  issn = {1126-6708},
  url = {https://mathscinet.ams.org/mathscinet-getitem?mr=2935636},
  number = {12},
  journaltitle = {Journal of High Energy Physics},
  shortjournal = {J. High Energy Phys.},
  urldate = {2018-04-16},
  date = {2011},
  pages = {027, i, 64},
  keywords = {physical mathematics,deformation of privileged metric,hyper-Kähler geometry,quaternionic Kähler geometry,HK/QK correspondence},
  author = {Alexandrov, Sergei and Persson, Daniel and Pioline, Boris}
}

@article{RSV2006,
  title = {String Loop Corrected Hypermultiplet Moduli Spaces},
  issn = {1126-6708},
  url = {https://mathscinet.ams.org/mathscinet-getitem?mr=2222955},
  doi = {10.1088/1126-6708/2006/03/081},
  number = {3},
  journaltitle = {Journal of High Energy Physics. A SISSA Journal},
  shortjournal = {J. High Energy Phys.},
  urldate = {2018-04-16},
  date = {2006},
  pages = {081, 35},
  keywords = {physical mathematics,supersymmetry,deformation of privileged metric,string theory,quaternionic Kähler geometry},
  author = {Robles Llana, Daniel and Saueressig, Frank and Vandoren, Stefan}
}

@incollection{CDS2017,
  title = {Completeness of Projective Special {{Kähler}} and Quaternionic {{Kähler}} Manifolds},
  volume = {23},
  url = {https://mathscinet.ams.org/mathscinet-getitem?mr=3751963},
  booktitle = {Special Metrics and Group Actions in Geometry},
  series = {Springer INdAM Ser.},
  publisher = {{Springer, Cham}},
  urldate = {2018-04-24},
  date = {2017},
  pages = {81--106},
  keywords = {c-map,quaternionic Kähler geometry,special Kähler geometry,r-map},
  author = {Cortés, Vicente and Dyckmanns, Malte and Suhr, Stefan}
}

@article{Woo1976,
  title = {Twistor Theory and Geometric Quantization},
  url = {https://mathscinet.ams.org/mathscinet-getitem?mr=0496421},
  journaltitle = {Group theoretical methods in physics (Fourth Internat. Colloq., Nijmegen, 1975)},
  urldate = {2018-05-04},
  date = {1976},
  pages = {149--163. Lecture Notes in Phys., Vol. 50},
  author = {Woodhouse, Nicholas}
}

@article{NPV2007,
  title = {Twistors and Black Holes},
  issn = {1126-6708},
  url = {https://mathscinet.ams.org/mathscinet-getitem?mr=2318751},
  doi = {10.1088/1126-6708/2007/04/038},
  number = {4},
  journaltitle = {Journal of High Energy Physics. A SISSA Journal},
  shortjournal = {J. High Energy Phys.},
  urldate = {2018-04-27},
  date = {2007},
  pages = {038, 41},
  keywords = {physical mathematics,c-map,quaternionic Kähler geometry},
  author = {Neitzke, Andrew and Pioline, Boris and Vandoren, Stefan}
}

@article{MS2015,
  title = {Twist Geometry of the C-Map},
  volume = {336},
  issn = {0010-3616},
  url = {https://mathscinet.ams.org/mathscinet-getitem?mr=3324146},
  doi = {10.1007/s00220-015-2314-z},
  number = {3},
  journaltitle = {Communications in Mathematical Physics},
  shortjournal = {Comm. Math. Phys.},
  urldate = {2018-04-25},
  date = {2015},
  pages = {1329--1357},
  keywords = {c-map,hyper-Kähler geometry,quaternionic Kähler geometry,special Kähler geometry,HK/QK correspondence,twist construction},
  author = {Macia, Oscar and Swann, Andrew}
}

@article{CDMV2015,
  title = {Special Geometry of {{Euclidean}} Supersymmetry {{IV}}: The Local \$c\$-Map},
  issn = {1126-6708},
  url = {https://mathscinet.ams.org/mathscinet-getitem?mr=3435573},
  shorttitle = {Special Geometry of {{Euclidean}} Supersymmetry {{IV}}},
  number = {10},
  journaltitle = {Journal of High Energy Physics},
  shortjournal = {J. High Energy Phys.},
  urldate = {2018-05-16},
  date = {2015},
  pages = {066, front matter+60},
  keywords = {c-map,quaternionic Kähler geometry,special Kähler geometry},
  author = {Cortés, V. and Dempster, P. and Mohaupt, T. and Vaughan, O.}
}

@article{CDL2014,
  title = {Classification of Complete Projective Special Real Surfaces},
  volume = {109},
  issn = {0024-6115},
  url = {https://mathscinet.ams.org/mathscinet-getitem?mr=3254930},
  doi = {10.1112/plms/pdu013},
  number = {2},
  journaltitle = {Proceedings of the London Mathematical Society. Third Series},
  shortjournal = {Proc. Lond. Math. Soc. (3)},
  urldate = {2018-05-16},
  date = {2014},
  pages = {423--445},
  keywords = {r-map,special real geometry},
  author = {Cortés, V. and Dyckmanns, M. and Lindemann, D.}
}

@article{ACM2013,
  title = {Conification of {{Kähler}} and Hyper-{{Kähler}} Manifolds},
  volume = {324},
  issn = {0010-3616},
  url = {https://mathscinet.ams.org/mathscinet-getitem?mr=3117523},
  doi = {10.1007/s00220-013-1812-0},
  number = {2},
  journaltitle = {Communications in Mathematical Physics},
  shortjournal = {Comm. Math. Phys.},
  urldate = {2018-05-16},
  date = {2013},
  pages = {637--655},
  keywords = {c-map,hyper-Kähler geometry,quaternionic Kähler geometry,HK/QK correspondence},
  author = {Alekseevsky, D. V. and Cortés, V. and Mohaupt, T.}
}

@article{CLST2013,
  title = {On Certain {{Kähler}} Quotients of Quaternionic {{Kähler}} Manifolds},
  volume = {317},
  issn = {0010-3616},
  url = {https://mathscinet.ams.org/mathscinet-getitem?mr=3009724},
  doi = {10.1007/s00220-012-1541-9},
  number = {3},
  journaltitle = {Communications in Mathematical Physics},
  shortjournal = {Comm. Math. Phys.},
  urldate = {2018-05-16},
  date = {2013},
  pages = {787--816},
  keywords = {moment maps/quotient constructions,quaternionic Kähler geometry},
  author = {Cortés, V. and Louis, J. and Smyth, P. and Triendl, H.}
}

@article{CHM2012,
  title = {Completeness in Supergravity Constructions},
  volume = {311},
  issn = {0010-3616},
  url = {https://mathscinet.ams.org/mathscinet-getitem?mr=2892468},
  doi = {10.1007/s00220-012-1443-x},
  number = {1},
  journaltitle = {Communications in Mathematical Physics},
  shortjournal = {Comm. Math. Phys.},
  urldate = {2018-05-16},
  date = {2012},
  pages = {191--213},
  keywords = {c-map,Riemannian geometry,quaternionic Kähler geometry,special Kähler geometry,r-map,special real geometry},
  author = {Cortés, V. and Han, X. and Mohaupt, T.}
}

@article{CM2009,
  title = {Special Geometry of {{Euclidean}} Supersymmetry. {{III}}. {{The}} Local r-Map, Instantons and Black Holes},
  issn = {1126-6708},
  url = {https://mathscinet.ams.org/mathscinet-getitem?mr=2545060},
  doi = {10.1088/1126-6708/2009/07/066},
  number = {7},
  journaltitle = {Journal of High Energy Physics. A SISSA Journal},
  shortjournal = {J. High Energy Phys.},
  urldate = {2018-05-16},
  date = {2009},
  pages = {066, 64,},
  keywords = {supersymmetry,special Kähler geometry,r-map},
  author = {Cortés, Vicente and Mohaupt, Thomas}
}

@article{AC2009,
  title = {Geometric Construction of the \$r\$-Map: From Affine Special Real to Special {{Kähler}} Manifolds},
  volume = {291},
  issn = {0010-3616},
  url = {https://mathscinet.ams.org/mathscinet-getitem?mr=2530173},
  doi = {10.1007/s00220-009-0803-7},
  shorttitle = {Geometric Construction of the \$r\$-Map},
  number = {2},
  journaltitle = {Communications in Mathematical Physics},
  shortjournal = {Comm. Math. Phys.},
  urldate = {2018-05-16},
  date = {2009},
  pages = {579--590},
  keywords = {special Kähler geometry,r-map,special real geometry},
  author = {Alekseevsky, D. V. and Cortés, V.}
}

@article{CMMS2005,
  title = {Special Geometry of {{Euclidean}} Supersymmetry. {{II}}. {{Hypermultiplets}} and the \$c\$-Map},
  issn = {1126-6708},
  url = {https://mathscinet.ams.org/mathscinet-getitem?mr=2158552},
  doi = {10.1088/1126-6708/2005/06/025},
  number = {6},
  journaltitle = {Journal of High Energy Physics. A SISSA Journal},
  shortjournal = {J. High Energy Phys.},
  urldate = {2018-05-16},
  date = {2005},
  pages = {025, 37},
  keywords = {physical mathematics,supersymmetry,c-map},
  author = {Cortés, Vicente and Mayer, Christoph and Mohaupt, Thomas and Saueressig, Frank}
}

@article{CMMS2004,
  title = {Special Geometry of {{Euclidean}} Supersymmetry. {{I}}. {{Vector}} Multiplets},
  issn = {1126-6708},
  url = {https://mathscinet.ams.org/mathscinet-getitem?mr=2061551},
  doi = {10.1088/1126-6708/2004/03/028},
  number = {3},
  journaltitle = {Journal of High Energy Physics. A SISSA Journal},
  shortjournal = {J. High Energy Phys.},
  urldate = {2018-05-16},
  date = {2004},
  pages = {028, 73},
  keywords = {physical mathematics,supersymmetry,para-Kähler geometry},
  author = {Cortés, Vicente and Mayer, Christoph and Mohaupt, Thomas and Saueressig, Frank}
}

@article{Swa2010,
  title = {Twisting {{Hermitian}} and Hypercomplex Geometries},
  volume = {155},
  issn = {0012-7094},
  url = {https://mathscinet.ams.org/mathscinet-getitem?mr=2736170},
  doi = {10.1215/00127094-2010-059},
  number = {2},
  journaltitle = {Duke Mathematical Journal},
  shortjournal = {Duke Math. J.},
  urldate = {2018-05-18},
  date = {2010},
  pages = {403--431},
  keywords = {hyper-Kähler geometry,quaternionic Kähler geometry},
  author = {Swann, Andrew}
}

@article{CD2017,
  archivePrefix = {arXiv},
  eprinttype = {arxiv},
  eprint = {1706.05516},
  primaryClass = {hep-th},
  title = {Twist, Elementary Deformation, and {{KK}} Correspondence in Generalized Complex Geometry},
  url = {http://arxiv.org/abs/1706.05516},
  urldate = {2018-05-25},
  date = {2017-06-17},
  keywords = {generalized geometry,quaternionic Kähler geometry,twist construction},
  author = {Cortés, Vicente and David, Liana}
}

@article{MS2014,
  archivePrefix = {arXiv},
  eprinttype = {arxiv},
  eprint = {1404.1169},
  primaryClass = {hep-th},
  title = {Elementary Deformations and the {{hyperK}}$\backslash$"ahler-Quaternionic {{K}}$\backslash$"ahler Correspondence},
  url = {http://arxiv.org/abs/1404.1169},
  urldate = {2018-05-25},
  date = {2014-04-04},
  keywords = {expository,c-map,hyper-Kähler geometry,quaternionic Kähler geometry,twist construction},
  author = {Macia, Oscar and Swann, Andrew}
}


